=LDR  01274nam a2200277 a 4500
=001  20315
=003  OI
=005  20250121142133.0
=008  050322s1885\\\\fr\\\\\|r\\\\|000\||fre|d
=040  \\$aOI
=041  \\$afre
=245  10$aSophie Arnould$bd'après sa correspondance et ses mémoires inédites
=260  \\$aParis$bCharpentier$c1885
=300  \\$axv-327 pages
=490  0\$aLes actrices au XVIII siècle
=600  \0$aArnould, Sophie$d1740-1802$1http://www.wikidata.org/entity/Q435935$922181
=610  \0$aOpéra (Paris, France)$1http://www.wikidata.org/entity/Q283339$920898
=648  \0$a18th Century (1701-1800)$1http://www.wikidata.org/entity/Q7015$920899
=650  \0$aOpera$1http://www.wikidata.org/entity/Q1344$92468
=650  \0$aSinger$1http://www.wikidata.org/entity/Q177220$93915
=650  \0$aBiography$1http://www.wikidata.org/entity/Q36279$91927
=700  \\$aGoncourt, Edmond de$d1822-1896$4aut$1http://www.wikidata.org/entity/Q1249210$95481
=700  \\$aGoncourt, Jules de$d1830-1870$4aut$1http://www.wikidata.org/entity/Q1234248$922180
=942  \\$cBOO
=952  \\$00$10$2ddc$40$6KTS_1_000000000000000_C3_15_36$70$8RAR$920572$aORPH$bORPH$cKTS1_C3$d2021-09-08$g30.00$l0$oKTS1 C3.15 (36)$p20137132$r2021-09-08 00:00:00$w2021-09-08$yBOO
=999  \\$d20315

