=LDR  00911cam a2200217u  4500
=001  20316
=005  20251001162314.0
=008  841120s1877\\\\fr\\\\\\\\\\\\000\0\fre\\
=010  \\$aunk84134931 
=040  \\$aOI
=041  \\$afre
=100  \\$aBeauquier, Charles$d1833-1916$4aut$1http://www.wikidata.org/entity/Q2958509$922182
=245  03$aLa musique et le drame :$bétude d'esthétique
=260  \\$aParis$bSandoz$bFischbacher$c1877
=300  \\$a316 pages$c19 cm
=648  \0$a19th Century (1801-1900)$1http://www.wikidata.org/entity/Q6955$920935
=650  \0$aMusic philosophy and aesthetics$1http://www.wikidata.org/entity/Q2092865$921165
=651  \0$aFrance$1http://www.wikidata.org/entity/Q142$9131
=942  \\$cBOO
=952  \\$00$10$2ddc$40$6KTS_1_000000000000000_C3_15_37$70$8RAR$920573$aORPH$bORPH$cKTS1_C3$d2021-09-08$g60.00$l0$oKTS1 C3.15 (37)$p20137134$r2021-09-08 00:00:00$w2021-09-08$yBOO
=999  \\$d20316

