=LDR  01010nam a22002057a 4500
=001  20317
=008  210908s1865\\\\||||||||\||||\00|\0dfre\d
=041  \\$afre
=100  \\$4aut$aDuflot, Joachim$d1807-1866$1http://www.wikidata.org/entity/Q43249420$922183
=245  \\$aLes Secrets des coulisses des théâtres de Paris :$bmystères – mœurs – usages – anecdotes
=260  \\$aParis$bLévy$c1865
=300  \\$axiv-252 pages
=648  \0$a19th Century (1801-1900)$1http://www.wikidata.org/entity/Q6955$920935
=650  \0$aTheater history$1http://www.wikidata.org/entity/Q1061140$94607
=651  \0$aParis (France)$1http://www.wikidata.org/entity/Q90$9160
=700  \\$4win$aNoriac, Jules$d1827-1882$1http://www.wikidata.org/entity/Q1711740$922184
=856  \\$uhttps://books.google.fr/books?id=OhUbAAAAYAAJ
=942  \\$cBOO
=952  \\$00$10$2ddc$40$6KTS_1_300000000000000_15_38$70$8RAR$920574$aORPH$bORPH$cKTS1_C3$d2021-09-08$g75.00$l0$oKTS1 3.15 (38)$p20137135$r2021-09-08 00:00:00$w2021-09-08$yBOO
=999  \\$d20317

