=LDR  00944nam a2200229 a 4500
=001  20318
=003  OI
=005  20250925143306.0
=008  151130|1914||||be\||||||||||||||\||fre|d
=040  \\$aOI
=041  \\$afre
=100  \\$aBrachart, Adolphe$4aut$922185
=245  10$aTraité de diction expressive :$baccompagné d'opinions des plus illustres écrivains et comédiens français
=260  \\$aBrussels$bLelong$c1914
=300  \\$a79 pages
=648  \0$a20th Century (1901-2000)$1http://www.wikidata.org/entity/Q6927$920936
=650  \0$aPronunciation$1http://www.wikidata.org/entity/Q184377$93632
=650  \0$aActing$1http://www.wikidata.org/entity/Q222749$92807
=650  \0$aMethod$1http://www.wikidata.org/entity/Q2250960$921402
=942  \\$cBOO
=952  \\$00$10$2ddc$40$6KTS_1_000000000000000_C3_15_39$70$8RAR$920575$aORPH$bORPH$cKTS1_C3$d2021-09-08$g30.00$l0$oKTS1 C3.15 (39)$p20137286$r2021-09-08 00:00:00$w2021-09-08$yBOO
=999  \\$d20318

