=LDR  01113nam a22002297a 4500
=001  20320
=005  20251003085500.0
=008  210913b\\\\\\\\||||||||\||||\00|\0\eng\d
=041  \\$aeng
=245  \\$aThe Snijders&Rockox House:$bA surprising museum in the heart of Antwerp. Visitors guide
=260  \\$aAntwerp$bSnijders&Rockoxhuis$cs.d.
=300  \\$a191 pages
=600  \0$aSnyders, Frans$d1579-1657$1http://www.wikidata.org/entity/Q29231$922204
=600  \0$aRockox, Nicolaas$d1560-1640$1http://www.wikidata.org/entity/Q2400568$922205
=648  \0$a17th Century (1601-1700)$1http://www.wikidata.org/entity/Q7016$920923
=650  \0$aFine art$1http://www.wikidata.org/entity/Q219625$921579
=650  \0$aApplied arts$1http://www.wikidata.org/entity/Q2865882$921627
=650  \0$aCatalogue$1http://www.wikidata.org/entity/Q2352616$921484
=651  \0$aAntwerp (Belgium)$1http://www.wikidata.org/entity/Q12892$920974
=942  \\$cBOO
=952  \\$00$10$2ddc$40$6TOP_BE_ANT_5_000000000000000$70$8TOP$920584$aORPH$bORPH$cKTS0$d2021-09-13$g5.00$l0$oTOP BE.ANT 5$p20131426$r2021-09-13 00:00:00$w2021-09-13$yBOO
=999  \\$d20320

