=LDR  01666njm a22002897a 4500
=001  20325
=005  20250925143306.0
=008  210916b\\\\\\\\||||||||\||||\00|\\\fre\d
=024  \\$aC 30 A 278$2Disques Véga
=041  \\$afre
=245  \\$aLes Concerts du Domaine Musical
=260  \\$aFrance$bVega$cs.d.
=300  \\$aLP, mono$c12"
=490  \\$aPrésence de la musique contemporaine
=500  \\$aCover art by Zao Wou-Ki
=505  \\$gStructures / Pierre Boulez (piano: Alfons Kontarsky, Aloys Kontarsky) -- Mobile / Henri Pousseur (Alfons Kontarsky, Aloys Kontarsky) -- Sextuor à cordes / Mauricio Kagel (Cello – Jean Huchot, Pierre Degenne; Conductor – Pierre Boulez; Viola – Maurice Husson, Serge Collot; Violin – Jacques Ghestem, Serge Hurel) -- Klavierstuck 6 / Karlheinz Stockhausen (Piano – David Tudor).
=534  \\$aRecorded 1960
=648  \0$a20th Century (1901-2000)$1http://www.wikidata.org/entity/Q6927$920936
=650  \0$aInstrumental music$1http://www.wikidata.org/entity/Q639197$92106
=650  \0$aAvant-garde$1http://www.wikidata.org/entity/Q102932$921178
=700  \\$4cmp$aBoulez, Pierre$d1925-2016$918237
=700  \\$4cmp$aPousseur, Henri$d1929-2009$1http://www.wikidata.org/entity/Q739405$917794
=700  \\$4cmp$aKagel, Mauricio$d1931-2008$1http://www.wikidata.org/entity/Q178293$916378
=700  \\$4cmp$aStockhausen, Karlheinz$d1928-2007$1http://www.wikidata.org/entity/Q37546939$915865
=942  \\$cREC
=952  \\$00$10$2ddc$40$6REC_12_000000000000000_BOUL_1960$70$8REC$920596$aORPH$bORPH$cKM12_2_B$d2021-09-16$l1$oREC 12 BOUL 1960$p20134113$q2022-07-07$r2022-01-10 00:00:00$s2022-01-10$w2021-09-16$yREC
=999  \\$d20325

