=LDR  01086nam a22002177a 4500
=001  20326
=005  20250925143306.0
=008  210920s1938\\\\\\\|||||\||||\00|\0\fre\d
=041  \\$afre
=100  \\$4aut$aPoirier, Pierre$922232
=245  \\$aLe droit du compositeur du compositeur de musique :$bAnnexe au traité doctrinal et jurisprudentiel
=260  \\$aBrussels$bLarcier$c1938
=300  \\$a57 pages
=590  \\$aPublié sous le patronage du Comité national belge de la Société des Auteurs, Compositeurs et Éditeurs de Musique. Affilié à la Confédération Internationale des Sociétés d'Auteurs et Compositeurs
=648  \0$a20th Century (1901-2000)$1http://www.wikidata.org/entity/Q6927$920936
=650  \0$aLaw$1http://www.wikidata.org/entity/Q7748$93727
=650  \0$aCopyright$1http://www.wikidata.org/entity/Q1297822$94293
=651  \0$aBelgium$1http://www.wikidata.org/entity/Q31$920881
=942  \\$cBOO
=952  \\$00$10$2ddc$40$6TOP_BE_7_000000000000000$70$8TOP$920597$aORPH$bORPH$cKTS0$d2021-09-20$l0$oTOP BE 7$p20131429$r2021-09-20 00:00:00$w2021-09-20$yBOO
=999  \\$d20326

