=LDR  00756nam a22001937a 4500
=001  20327
=005  20250925143306.0
=008  210920s1972\\\\\\\|||||\||||\00|\0\dut\d
=041  \\$adut
=245  \\$aPraktische gids voor het auteursrecht
=260  \\$aBrussels$bSABAM$c1972
=300  \\$a24 pages
=648  \0$a20th Century (1901-2000)$1http://www.wikidata.org/entity/Q6927$920936
=650  \0$aLaw$1http://www.wikidata.org/entity/Q7748$93727
=650  \0$aCopyright$1http://www.wikidata.org/entity/Q1297822$94293
=651  \0$aBelgium$1http://www.wikidata.org/entity/Q31$920881
=942  \\$cBOO
=952  \\$00$10$2ddc$40$6TOP_BE_7_000000000000000$70$8TOP$920598$aORPH$bORPH$cKTS0$d2021-09-20$l0$oTOP BE 7$p20131430$r2021-09-20 00:00:00$w2021-09-20$yBOO
=999  \\$d20327

