=LDR  00888nam a22001937a 4500
=001  20329
=008  760504s1944\\\\ne\g\\\\\b\\\\000\0\dut\c
=040  \\$aOI
=041  \\$adut
=100  \\$aLürsen, Martinus Johannes$d1893-1952$4aut$1http://www.wikidata.org/entity/Q97065944$922233
=245  10$aGrondslagen van de muziektheorie
=260  \\$aThe Hague$bServire$c1944
=300  \\$a2 vols. (112+182 pages)$bmusic
=490  0\$aEncyclopaedie in monografieën$v32
=650  \0$aMusic theory$1http://www.wikidata.org/entity/Q193544$92662
=942  \\$cBOO
=952  \\$00$10$2ddc$3I$40$6MTP_1_000000000000000_LURS$70$8MTP$920600$aORPH$bORPH$cKM12_1$d2021-09-20$l0$oMTP1 LURS$p20134109$r2021-09-20 00:00:00$w2021-09-20$yBOO
=952  \\$00$10$2ddc$3II$40$6MTP_1_000000000000000_LURS$70$8MTP$920601$aORPH$bORPH$cKM12_1$d2021-09-20$l0$oMTP1 LURS$p20134110$r2021-09-20 00:00:00$w2021-09-20$yBOO
=999  \\$d20329

