=LDR  00959nam a22002177a 4500
=001  20330
=005  20250925143307.0
=008  210920s1944\\\\|||g||||\||||\00|\0\fre\d
=041  \\$afre
=100  \\$4aut$aDe Kers, Robert$d1906-1987$1http://www.wikidata.org/entity/Q23874600$922235
=245  \\$aHarmonie et orchestration pour orchestre de danse
=260  \\$aBrussels$bBens$c1945
=300  \\$aviii-126 pages
=648  \0$a20th Century (1901-2000)$1http://www.wikidata.org/entity/Q6927$920936
=650  \0$aDance$1http://www.wikidata.org/entity/Q6034$924845
=650  \0$aOrchestration$1http://www.wikidata.org/entity/Q3367000$921045
=651  \0$aBelgium$1http://www.wikidata.org/entity/Q31$920881
=700  \\$4win$aPackay, Peter$d1904-1966$1http://www.wikidata.org/entity/Q19960682$922236
=942  \\$cBOO
=952  \\$00$10$2ddc$40$6TRE_DEKE$70$8TRE$920602$aORPH$bORPH$cKTS1_H$d2021-09-20$l0$oTRE DEKE$p20131432$r2021-09-20 00:00:00$w2021-09-20$yBOO
=999  \\$d20330

