=LDR  00873nam a22001937a 4500
=001  20331
=008  210920s2009\\\\|||ao|||\r|||\00|\0\eng\d
=041  \\$aeng
=110  \\$aFlanders Arts Institute (Brussels, Belgium)$1http://www.wikidata.org/entity/Q26972306$922101
=245  \\$aPocket Guide to Belgium's World & Folk Music
=260  \\$aBrussels$bMuziekcentrum Vlaanderen$c2009
=300  \\$a80 pages
=648  \0$a21st Century (2001-2100)$1http://www.wikidata.org/entity/Q6939$920812
=650  \0$aFolk music$1http://www.wikidata.org/entity/Q43343$921594
=650  \0$aDirectory$1http://www.wikidata.org/entity/Q70326023$939358
=651  \0$aBelgium$1http://www.wikidata.org/entity/Q31$920881
=942  \\$cBOO
=952  \\$00$10$2ddc$40$6TOP_BE_7_000000000000000$70$8TOP$920604$aORPH$bORPH$cKTS0$d2021-09-20$l0$oTOP BE 7$p20131433$r2021-09-20 00:00:00$w2021-09-20$yBOO
=999  \\$d20331

