=LDR  00927cam a22002291  4500
=001  20332
=008  800521s1930\\\\be\\\\\\\\\\\\000\0\fre\\
=040  \\$aAP
=041  \\$afre
=100  \\$aAuda, Antoine$d1879-1964$4aut$917470
=245  14$aLes modes et les tons de la musique$bet spécialement de la musique médiévale
=260  \\$aBrussels$bLamertin$c1930
=300  \\$a203 pages
=336  \\$aText and music examples
=500  \\$aCover imprint: Bruxelles, Maurice Lamertin
=504  \\$a201-203
=648  \0$aMiddle Ages (500-1400)$1http://www.wikidata.org/entity/Q12554$920964
=650  \0$aMusic theory$1http://www.wikidata.org/entity/Q193544$92662
=650  \0$aPlainchant$1http://www.wikidata.org/entity/Q2707688$921363
=942  \\$cBOO
=952  \\$00$10$2ddc$3Third Book$40$6MTP_1_000000000000000_AUDA$70$8MTP$920605$aORPH$bORPH$cKM12_1$d2021-09-20$oMTP1 AUDA$p20131434$r2021-09-20 00:00:00$w2021-09-20$yBOO
=999  \\$d20332

