=LDR  00906nam a22001937a 4500
=001  20334
=005  20251003085500.0
=008  210920s2005\\\\||||||||\||||\00|\0\fre\d
=041  \\$afre
=110  \\$4aut$aCentre de Musique Baroque de Versailles (France)$1http://www.wikidata.org/entity/Q2945373$922238
=245  \\$aÉditions du Centre de Musique Baroque de Versailles :$bcatalogue 2005
=260  \\$aVersailles$bCentre de Musique Baroque de Versailles$c2005
=300  \\$a50 pages
=590  \\$aPatrimoine musical de France. Partitions, matériels d'orchestre, livres, disques
=648  \0$a21st Century (2001-2100)$1http://www.wikidata.org/entity/Q6939$920812
=650  \0$aCatalogue$1http://www.wikidata.org/entity/Q2352616$921484
=942  \\$cBOO
=952  \\$00$10$2ddc$40$6BIB_4_000000000000000_FR_VER$70$8BIB$920614$aORPH$bORPH$cKTS0$d2021-09-20$l0$oBIB4 FR.VER$p20131436$r2021-09-20 00:00:00$yBOO
=999  \\$d20334

