=LDR  00829nam a22002171  4500
=001  20335
=005  20250925143307.0
=008  210920s1967\\\\|||g||||\||||\00|\0\eng\d
=041  \\$aeng
=100  \\$aSelf, George$4aut$922241
=240  10$aNew sounds in class
=245  10$aNew Sounds in Class:$bA Contemporary Approach to Music
=260  \\$aLondon$bUniversal$c1967
=300  \\$a42 pages
=648  \0$a20th Century (1901-2000)$1http://www.wikidata.org/entity/Q6927$920936
=650  \0$aMusic theory$1http://www.wikidata.org/entity/Q193544$92662
=650  \0$aNotation$1http://www.wikidata.org/entity/Q233861$91964
=650  \0$aEducation$926206
=942  \\$cBOO
=952  \\$00$10$2ddc$40$6MTP_4_000000000000000_SELF$70$8MTP$920616$aORPH$bORPH$cKM12_1$d2021-09-20$oMTP4 SELF$p20131437$r2021-09-20 00:00:00$w2021-09-20$yBOO
=999  \\$d20335

