=LDR  00959cam a22002411  4500
=001  20337
=005  20250925143307.0
=008  210921s1942\\\\||||||||\||||\00|\d\dut\d
=040  \\$aAP
=041  \\$adut
=100  \\$aTralbaut, Mark Edo$d1902-1976$4aut$922242
=245  10$aIkaros.$bOratorium in een proloog en drie deelen
=300  \\$a115 pages
=490  0\$aFaunreeks
=500  \\$aLibretto
=648  \0$a20th Century (1901-2000)$1http://www.wikidata.org/entity/Q6927$920936
=650  \0$aOratorio$1http://www.wikidata.org/entity/Q85477$91825
=650  \0$aLibretto$1http://www.wikidata.org/entity/Q131084$94031
=651  \0$aFlanders (Belgium)$1http://www.wikidata.org/entity/Q234$989
=700  \\$aVan der Mueren, Floris$d1890-1966$1http://www.wikidata.org/entity/Q42197738$919576
=942  \\$cBOO
=952  \\$00$10$2ddc$40$6LIT_TRAL_A$70$8LIT$920623$aORPH$bORPH$cKM12_2_H$d2021-09-20$oLIT TRAL a$p20131439$r2021-09-20 00:00:00$w2021-09-20$yBOO
=999  \\$d20337

