=LDR  00943nam a22002057a 4500
=001  20343
=008  210921s1953\\\\|||f||||\||||\00|\0\fre\d
=041  \\$afre
=100  \\$4aut$aDumesnil, René$d1897-1967$919125
=245  \\$aHistoire illustrée du théatre lyrique
=260  \\$aParis$bPlon$c1953
=648  \0$aRenaissance (1400-1600)$1http://www.wikidata.org/entity/Q4692$920965
=648  \0$a17th Century (1601-1700)$1http://www.wikidata.org/entity/Q7016$920923
=648  \0$a18th Century (1701-1800)$1http://www.wikidata.org/entity/Q7015$920899
=648  \0$a19th Century (1801-1900)$1http://www.wikidata.org/entity/Q6955$920935
=650  \0$aBallet$1http://www.wikidata.org/entity/Q41425$94412
=650  \0$aOpera$1http://www.wikidata.org/entity/Q1344$92468
=942  \\$cBOO
=952  \\$00$10$2ddc$40$6GEN_16_000000000000000$70$8GEN$920630$aORPH$bORPH$cKM12_1$d2021-09-21$g20.00$oGEN16$p20131438$r2021-09-21 00:00:00$w2021-09-21$yBOO
=999  \\$d20343

