=LDR  01231nam a2200253 a 4500
=001  20357
=003  OI
=005  20250120120245.0
=008  201113|1882||||xx\||||||||||||||\||fre|d
=040  \\$aOI
=041  \\$afre
=100  \\$aBaschet, Armand$d1829-1886$4aut$1http://www.wikidata.org/entity/Q2861762$922303
=245  14$aLes comédiens italiens à la Cour de France sous Charles IX, Henri III, Henri IV et Louis XIII :$bd'après les lettres royales, la correspondance originale des comédiens, les registres de la trésorerie de l'épargne et autres documents
=260  \\$aParis$bPlon$c1882
=300  \\$axvi-367 pages
=648  \0$a16th Century (1501-1600)$1http://www.wikidata.org/entity/Q7017$920944
=648  \0$a17th Century (1601-1700)$1http://www.wikidata.org/entity/Q7016$920923
=650  \0$aCommedia dell'arte$1http://www.wikidata.org/entity/Q191890$94079
=650  \0$aTheater history$1http://www.wikidata.org/entity/Q1061140$94607
=650  \0$aCourt$922191
=651  \0$aFrance$1http://www.wikidata.org/entity/Q142$9131
=942  \\$cBOO
=952  \\$00$10$2ddc$40$6TOP_FR_4_000000000000000$70$8TOP$920662$aORPH$bORPH$cKTS0$d2021-09-28$g40.00$l0$oTOP FR 4$p20134184$r2021-09-28 00:00:00$w2021-09-28$yBOO
=999  \\$d20357

