=LDR  01382nam a22002537a 4500
=001  20358
=005  20250925143307.0
=008  210928s1905\\\\||||||||\||||\00|\0dfre\d
=041  \\$afre
=100  \\$4aut$aGéronte$d1823-1909$1http://www.wikidata.org/entity/Q19898890$922307
=245  \\$aLe Grand Théâtre de Gand de 1891 à 1904
=260  \\$aGhent$bVan Goethem$c1905
=300  \\$a251 pages
=590  \\$aAperçu des quatorze dernières saisons dramatiques : Tableau de troupes. - Répertoire. - Appréciations. - Critiques. - Anecdotes. - Réflexions diverses - suivi de les vicissitudes du ballottage
=610  \0$aOpera Ballet Vlaanderen (Ghent and Antwerp, Belgium)$1http://www.wikidata.org/entity/Q2500784$921505
=648  \0$a19th Century (1801-1900)$1http://www.wikidata.org/entity/Q6955$920935
=648  \0$a20th Century (1901-2000)$1http://www.wikidata.org/entity/Q6927$920936
=650  \0$aOpera$1http://www.wikidata.org/entity/Q1344$92468
=650  \0$aMusic history$1http://www.wikidata.org/entity/Q846047$921373
=650  \0$aTheater history$1http://www.wikidata.org/entity/Q1061140$94607
=651  \0$aGhent (Belgium)$1http://www.wikidata.org/entity/Q1296$920924
=942  \\$cBOO
=952  \\$00$10$2ddc$40$6TOP_BE_GHE_6_000000000000000$70$8TOP$920663$aORPH$bORPH$cKTS0$d2021-09-28$g60.00$l0$oTOP BE.GHE 6$p20134185$r2021-09-28 00:00:00$w2021-09-28$yBOO
=999  \\$d20358

