=LDR  01064cam a2200241u  4500
=001  20359
=005  20250121142134.0
=008  811211s1885\\\\sz\\\\\\\\\\\\000\0\fre\\
=040  \\$aOI
=041  \\$afre
=043  \\$ae-fr---
=050  00$aPQ538$b.D4 1970
=100  \\$aDesnoiresterres, Gustave$d1817–1892$4aut$917611
=245  13$aLa comédie satirique au 18e siècle :$bhistoire de la société française par l'allusion, la personnalité et la satire au théâtre. Louis XV - Louis XVI - la Révolution
=260  \\$aParis$bPerrin$c1885
=300  \\$a459 pages
=648  \0$a18th Century (1701-1800)$1http://www.wikidata.org/entity/Q7015$920899
=650  \0$aTheater history$1http://www.wikidata.org/entity/Q1061140$94607
=650  \0$aSatire$1http://www.wikidata.org/entity/Q128758$921636
=651  \0$aParis (France)$1http://www.wikidata.org/entity/Q90$9160
=942  \\$cBOO
=952  \\$00$10$2ddc$40$6TOP_FR_PAR_5_000000000000000$70$8TOP$920664$aORPH$bORPH$cKTS0$d2021-09-28$g60.00$l0$oTOP FR.PAR 5$p20134186$r2021-09-28 00:00:00$w2021-09-28$yBOO
=999  \\$d20359

