=LDR  01351cam a2200241u  4500
=001  20360
=005  20250121142134.0
=008  840512r19701877sz\\\\\\\\\\\\000\0dfre\\
=040  \\$aOI
=041  \\$afre
=100  \\$aCampardon, Émile$d1837-1915$4aut$1http://www.wikidata.org/entity/Q1960293$922309
=245  14$aLes Spectacles de la foire
=260  \\$aGenève$bSlatkine$c1970
=300  \\$a2 vols. in 1 (405-512 pages)
=590  \\$aThéâtres, Acteurs, Sauteurs et Danseurs de corde. Monstres, Géants, Nains, Animaux curieux ou savants, Marionnettes. Automates, Figures de cire et Jeux mécaniques des Foires Saint-Germain et Saint-Laurent, des Boulevards et du Palais-Royal depuis 1595 jusqu'à 1791
=610  \0$aFoire Saint-Laurent (Paris, France)$1http://www.wikidata.org/entity/Q3053795$922178
=610  \0$aThéâtre de la Foire Saint-Germain (Paris, France)$1http://www.wikidata.org/entity/Q662072$922172
=648  \0$a17th Century (1601-1700)$1http://www.wikidata.org/entity/Q7016$920923
=648  \0$a18th Century (1701-1800)$1http://www.wikidata.org/entity/Q7015$920899
=650  \0$aFair$1http://www.wikidata.org/entity/Q288514$921501
=942  \\$cBOO
=952  \\$00$10$2ddc$40$6TOP_FR_PAR_5_000000000000000$70$8TOP$920665$aORPH$bORPH$cKTS0$d2021-09-28$g120.00$l0$oTOP FR.PAR 5$p20134187$r2021-09-28 00:00:00$w2021-09-28$yBOO
=999  \\$d20360

