=LDR  01269nam a22002417a 4500
=001  20363
=008  210928b\\\\\\\\|||gha||\||||\00|\0dger\d
=041  \\$ager
=100  \\$4aut$aTelemann, Georg Philipp$d1681-1767$1http://www.wikidata.org/entity/Q75854$99287
=245  \\$aTelemanns Beschreibung einer Augen-Orgel (1739):$bDokumentation
=300  \\$a24 pages
=490  \\$aStudien zur Aufführungspraxis und Interpretation von Instrumentalmusik des 18. Jahrhunderts$v18
=534  \\$cHamburg: Piscator, 1739
=600  \0$aCastel, Louis-Bertrand$d1688-1757$1http://www.wikidata.org/entity/Q178287$95748
=648  \0$a18th Century (1701-1800)$1http://www.wikidata.org/entity/Q7015$920899
=650  \0$aClavecin oculaire$922314
=651  \0$aBilhac (France)$1http://www.wikidata.org/entity/Q178590$921030
=700  \\$4edt$aFleischhauer, Günter$d1928-2002$1http://www.wikidata.org/entity/Q72937039$910889
=700  \\$4edt$aSiegmund-Schultze, Walther$d1916-1993$1http://www.wikidata.org/entity/Q826691$914064
=700  \\$4edt$aThom, Eitelfriedrich$920417
=942  \\$cBOO
=952  \\$00$10$2ddc$40$6INS_3_000000000000000_9B$70$8INS$920668$aORPH$bORPH$cKTS0$d2021-09-28$eKoopman$iTS Michaelst. St. 18$l0$oINS3.9b$p20134189$r2021-09-28 00:00:00$w2021-09-28$yBOO
=999  \\$d20363

