=LDR  00989nam a2200253 u 4500
=001  20370
=008  191202s2019\\\\be\a\\\|r\\\\|000\0\eng|d
=020  \\$a9789462702059
=041  \\$aeng
=245  00$aVoices, Bodies, Practices:$bPerforming Musical Subjectivities
=260  \\$aLeuven$bLeuven University Press$c2019
=300  \\$a323 pages$billustrations
=490  0\$aOrpheus Institute Series
=650  \0$aArtistic research$1http://www.wikidata.org/entity/Q20827087$921804
=650  \0$aSubjectivity$1http://www.wikidata.org/entity/Q1139554$926987
=700  1\$aBrooks, William$4aut
=700  1\$aLaws, Catherine$4aut
=700  \\$aGorton, David$d1978-$4aut$916742
=700  1\$aThanh Thủy, Nguyễn$4aut
=700  1\$aOestersjö, Stefan$4aut
=700  1\$aWells, Jeremy J.$4aut
=942  \\$cBOO
=952  \\$00$10$2ddc$40$6MTP_2_000000000000000_LAWS$70$8MTP$920677$aORPH$bORPH$cKM12_1$d2021-10-01$l1$m1$oMTP2 LAWS$p20137389$r2021-11-30 00:00:00$s2021-10-19$w2021-10-01$yBOO
=999  \\$d20370

