=LDR  01921nam a22002057a 4500
=001  20373
=008  211001s2020\\\\||||||||\||||\00|\0\eng\d
=020  \\$a9789462702295
=041  \\$aeng
=100  \\$4aut$aÖstersjö, Stefan$916302
=245  \\$aListening to the Other
=260  \\$aLeuven$bLeuven University Press$c2020
=300  \\$a184 pages
=336  \\$aprinted
=490  \\$a Orpheus Institute Series
=520  \\$aOur contemporary, globalised society demands new forms of listening. But what are these new forms? In Listening to the Other, Stefan Östersjö challenges conventional understandings of the ways musicians listen. He develops a transmodal understanding of listening that is situated in the body—a body that is extended by its mediation through musical instruments and other technologies. Listening habits can turn these tools—and even the body itself—into resistant objects or musical Others. Supported by extensive multimedia documentation and drawing on examples from the author’s own artistic projects spanning electronics, intercultural collaboration, and ecological sound art, this volume enables musicians to learn how to approach musical Others through alternative modes of listening and allows readers to discover artistic methods for intercultural collaboration and ecological sound art practices.

This book is closely linked to a series of cutting-edge artistic works, including a triple concerto recorded with the Seattle Symphony and several video works with ecological sound art. It represents the analytical outcomes of artistic research projects carried out in Sweden, the UK, and Belgium between 2009 and 2015.
=650  \0$aArtistic research$1http://www.wikidata.org/entity/Q20827087$921804
=942  \\$cBOO
=952  \\$00$10$2ddc$40$6MTP_2_000000000000000_OSTE$70$8MTP$920680$aORPH$bORPH$cKM12_1$d2021-10-01$l0$oMTP2 OSTE$p20137392$r2021-10-01 00:00:00$w2021-10-01$yBOO
=999  \\$d20373

