=LDR  03757nam a2200265 u 4500
=001  20374
=005  20251001162314.0
=008  191211s2019\\\\xx\\\\\|r\\\\|000\||eng|d
=020  \\$a9789462702028
=041  \\$aeng
=245  00$aAberrant Nuptials:$bDeleuze and Artistic Research 2
=260  \\$aLeuven$bLeuven University Press$c2019
=300  \\$a478 pages
=490  0\$aOrpheus Institute Series
=500  \\$aContributors: Suzie Attiwill (RMIT University), Sara Baranzoni (Universidad de las Artes of Guayaquil), Zsuzsa Baross (Trent University), Terri Bird (Monash University), Ronald Bogue (University of Georgia), Barbara Bolt (VCA University of Melbourne), Peter Burleigh (University of Basel / HGK, Basel), Edward Campbell (University of Aberdeen / Centre for Modern Thought), Marianna Charitonidou (University of Paris West Nanterre / National Technical University of Athens), Jean-Marc Chouvel (Paris-Sorbonne University), Guillaume Collett (University of Kent), Zornitsa Dimitrova (University of Münster), Lilija Duobliene (University of Vilnius), Lucia D’Errico (Orpheus Institute), Bracha L. Ettinger (artist, painter, theorist), Henrik Frisk (Royal Academy of Music Malmö), jan jagodzinski (University of Alberta), Oleg Lebedev (Université Catholique de Louvain), Gustavo Penha (University of São Paulo), Katie Pleming (King’s College London), Liana Psarologaki (University of Suffolk), Emilia Marra (University of Trieste), Tero Nauha (Helsinki Collegium), Stefan Östersjö (Orpheus Institute), Simon O’Sullivan (theorist, artist), Antonia Pont (Deakin University), Elisabeth Presa (University of Melbourne), Spencer Roberts (University of Huddersfield), Jonas Rutgeerts (dramaturge, performance theorist), Anne Sauvagnargues (University of Paris Ouest Nanterre La Défense), Janae Sholtz (Alvernia University), Steve Tromans (musician, independent researcher), Kamini Vellodi (University of Edinburgh), Paolo Vignola (Universidad de las Artes of Guayaquil), Audronė Žukauskaitė (Lithuanian Culture Research Institute).
=520  \\$aAberrant Nuptials explores the diversity and richness of the interactions between artistic research and Deleuze studies. “Aberrant nuptials” is the expression Gilles Deleuze uses to refer to productive encounters between systems characterised by fundamental difference. More than imitation, representation, or reproduction, these encounters foster creative flows of energy, generating new material configurations and intensive experiences. Within different understandings of artistic research, the contributors to this book—architects, composers, film-makers, painters, performers, philosophers, sculptors, and writers—map current practices at the intersection between music, art, and philosophy, contributing to an expansion of horizons and methodologies. Written by established Deleuze scholars who have been working on interferences between art and philosophy, and by musicians and artists who have been reflecting Deleuzian and Post-Deleuzian discourses in their artworks, this volume reflects the current relevance of artistic research and Deleuze studies for the arts.
=600  \0$aDeleuze, Gilles$d1925-1995$1http://www.wikidata.org/entity/Q184226$915927
=650  \0$aMusic philosophy and aesthetics$1http://www.wikidata.org/entity/Q2092865$921165
=650  \0$aArtistic research$1http://www.wikidata.org/entity/Q20827087$921804
=700  1\$aDe Assis, Paulo$4edt
=700  \\$aGiudici, Paolo$4edt$916738
=700  \\$aD'Errico, Lucia$1https://orcid.org/0000-0001-7168-0320$4ctb$919728
=942  \\$cBOO
=952  \\$00$10$2ddc$40$6MTP_3_000000000000000_ASSI$70$8MTP$920681$aORPH$bORPH$cKM12_1$d2021-10-01$l0$oMTP3 ASSI$p20137393$r2021-10-01 00:00:00$w2021-10-01$yBOO
=999  \\$d20374

