=LDR  02555cam a2200217ui 4500
=001  20375
=008  160926t20172017be\ag\\||b\\\|101\||eng|d
=020  \\$a9789462700901
=041  \\$aeng
=100  \\$4edt$aImpett, Jonathan$1https://orcid.org/0000-0002-6525-2095$916357
=245  00$aArtistic Research in Music:$bDiscipline and Resistance
=260  \\$aLeuven$bLeuven University Press$c2017
=300  \\$a312 pages$bill., music examples
=336  \\$aprinted
=490  0\$aOrpheus Institute series
=500  \\$aTom Beghin (Orpheus Institute, Ghent), Paulo de Assis (Orpheus Institute, Ghent), Leonella Grasso Caprioli (Conservatorio di Vicenza), Jonathan Impett (Orpheus Institute, Ghent), Esa Kirkkopelto (University of the Arts, Helsinki), Kari Kurkela (University of the Arts, Helsinki), Susan Melrose (Middlesex University, London), Stefan Östersjö (Orpheus Institute, Ghent), Gertrud Sandqvist (Malmö Art Academy), Huib Schippers, Vanessa Tomlinson, Paul Draper (Queensland Conservatorium Research Centre, Griffith University), Luk Vaes (Orpheus Institute, Ghent), Janneke Wesseling / Kitty Zijlmans (Leiden University)
=520  8\$aThe Orpheus Institute celebrates 20 years of artistic research in music. Artistic research in music is now at a generational stage of development. How should it deal with its own maturing? From a kaleidoscope of individual pursuits, ethos and methodologies have emerged to encompass more distributed approaches. This transformation has taken place in parallel with changes in the dynamics and structures of culture, its institutions and constituencies. Artistic research maintains a productive dialectic between its potential status as discipline or as practice. It has developed topoi, tropes and its own canon of cases, texts and figures. How does it negotiate relationships with institutions, disciplines and bodies of theory while retaining the critical perspective of the artist? Twenty years ago the Orpheus Institute was founded in Ghent to pursue research through the practice of musicians and thus the Orpheus Institute is of the same generation as the field it was established to explore. This festive volume in honour of 20 years of the Orpheus Institute reviews the initial trajectory and looks ahead to the institute's new position.
=650  \0$aArtistic research$1http://www.wikidata.org/entity/Q20827087$921804
=942  \\$cBOO
=952  \\$00$10$2ddc$40$6MTP_3_000000000000000_IMPE$70$8MTP$920682$aORPH$bORPH$cKM12_1$d2021-10-01$l0$oMTP3 IMPE$p20137394$r2021-10-01 00:00:00$w2021-10-01$yBOO
=999  \\$d20375

