=LDR  01034nam a22002297a 4500
=001  20377
=005  20251003085500.0
=008  211004s1996\\\\|||a||||\c|||\00|\0dfre\d
=041  \\$afre
=100  \\$4edt$4ard$aLefebvre, Isabelle$922391
=245  \\$aLa cordée Butor-Pousseur
=260  \\$aLille$bAction culture$c1996
=300  \\$a47 pages
=590  \\$aSalle d'exposition de la Brasserie Culturelle de Lille 3, 21 october-5 novembre 1996
=600  \0$aButor, Michel$d1926-2016$1http://www.wikidata.org/entity/Q309716$916818
=600  \0$aPousseur, Henri$d1929-2009$1http://www.wikidata.org/entity/Q739405$917794
=648  \0$a20th Century (1901-2000)$1http://www.wikidata.org/entity/Q6927$920936
=650  \0$aCatalogue$1http://www.wikidata.org/entity/Q2352616$921484
=650  \0$aMusic philosophy and aesthetics$1http://www.wikidata.org/entity/Q2092865$921165
=942  \\$cBOO
=952  \\$00$10$2ddc$40$6BIO_BUTO_B$70$8BIO$920687$aORPH$bORPH$cKTS1_P$d2021-11-26$oBIO BUTO b$p20134193$r2021-10-04 00:00:00$w2021-10-04$yBOO
=999  \\$d20377

