=LDR  01003nam a2200241 a 4500
=001  20381
=008  921029r19751906-usa\\\\\\\\\\\\\\\\eng\\
=020  \\$a0780486231396
=041  \\$aeng
=100  \\$aWhite, William Braid$d1878-1959$922399
=245  10$aTheory and Practice of Piano Construction:$bWith a Detailed, Practical Method for Tuning
=260  \\$aNew York$bDover$c1975$c1906
=300  \\$a160 pages$bill.
=500  \\$aReprint of the 1906 edition
=534  \\$cNew York: Bill, 1906
=650  \0$aPiano$1http://www.wikidata.org/entity/Q5994$92127
=650  \0$aOrganology$1http://www.wikidata.org/entity/Q899293$921400
=650  \0$aTuning$1http://www.wikidata.org/entity/Q858576$921655
=650  \0$aMethod$1http://www.wikidata.org/entity/Q2250960$921402
=765  08$aTheory and Practice of Pianoforte Building
=942  \\$cBOO
=952  \\$00$10$2ddc$40$6INS_3_000000000000000_3C$70$8INS$920692$aORPH$bORPH$cKTS0$d2023-09-22$oINS3.3c$p20131452$r2021-10-04 00:00:00$w2021-10-04$yBOO
=999  \\$d20381

