=LDR  00903cam a2200229   4500
=001  20395
=008  700227s1969\\\\nyucf\\\\\\\\\000\0\eng\\
=020  \\$a0486223841
=041  1\$aeng$hspa
=100  \\$aGoya, Francisco$d1746-1828$4art$1http://www.wikidata.org/entity/Q5432$922440
=245  10$aLos caprichos
=260  \\$aNew York$bDover Publications$c1969
=300  \\$a9-[174] pages$b87 plates
=336  \\$aprinted
=500  \\$aCaptions in English and Spanish.
=648  \0$a18th Century (1701-1800)$1http://www.wikidata.org/entity/Q7015$920899
=650  \0$aFine art$1http://www.wikidata.org/entity/Q219625$921579
=651  \0$aSpain$1http://www.wikidata.org/entity/Q29$920983
=700  \\$aHofer, Philip$d1898-1984$4win$922442
=942  \\$cBOO
=952  \\$00$10$2ddc$40$6BIO_GOYA_A$70$8BIO$920707$aORPH$bORPH$cKTS1_P$d2021-04-19$oBIO GOYA a$p20131463$r2021-10-07 00:00:00$w2021-10-07$yBOO
=999  \\$d20395

