=LDR  00973cam a2200217 a 4500
=001  20398
=008  980219s1997\\\\nyua\\\\\bk\\\100\0beng\d
=041  \\$aeng
=245  00$aHenry Cowell's Musical Worlds:$bA Program Book for the Henry Cowell Centennial Festival
=260  \\$aBrooklyn$bBrooklyn College$c1997
=300  \\$a26 pages$bill.
=504  \\$a"A discography of the music of Henry Cowell / compiled by Dick Higgins": p. 20-25
=504  \\$aIncludes bibliographical references (p. 26)
=600  \0$aCowell, Henry$d1897-1965$1http://www.wikidata.org/entity/Q434610$919757
=650  \0$aComposer$1http://www.wikidata.org/entity/Q36834$93625
=650  \0$aConcert$1http://www.wikidata.org/entity/Q182832$921044
=700  \\$aOja, Carol J.$d-1953$4edt$922463
=700  \\$aAllen, Ray$4edt$922464
=942  \\$cBOO
=952  \\$00$10$2ddc$40$6BIO_COWE_B$70$8BIO$920711$aORPH$bORPH$cKTS1_P$d2021-04-19$oBIO COWE b$p20131479$r2021-10-12 00:00:00$v29.97$w2021-10-12$yBOO
=999  \\$d20398

