=LDR  00911pam a2200217 a 4500
=001  20401
=008  890920t19901976enkaf\\\\b\\\\001\0\eng\\
=020  \\$a9780198161714
=041  \\$aeng
=100  \\$aEhrlich, Cyril$d1925-2004$4aut$1http://www.wikidata.org/entity/Q18759251$922468
=245  14$aThe Piano.$bA History
=250  \\$aRev. ed.
=260  \\$aOxford$bClarendon$aNew York$bOxford University$c1990
=300  \\$a254 pages$bill., 8 plates
=504  \\$aIncludes bibliographical references (p. 226-233) and index
=650  \0$aMusic history$1http://www.wikidata.org/entity/Q846047$921373
=650  \0$aPiano$1http://www.wikidata.org/entity/Q5994$92127
=650  \0$aOrganology$1http://www.wikidata.org/entity/Q899293$921400
=942  \\$cBOO
=952  \\$00$10$2ddc$40$6INS_3_000000000000000_3A$70$8INS$920714$aORPH$bORPH$cKTS0$d2023-09-22$l0$oINS3.3a$p20131482$r2021-10-12 00:00:00$w2021-10-12$yBOO
=999  \\$d20401

