=LDR  00796nam a2200217 i 4500
=001  20404
=008  791015s1978\\\\fr\a\\\\\\\\\\000\0\fre\\
=020  \\$a2862990019
=041  \\$afre
=100  \\$aMagne, Daniel$4aut$922481
=245  10$aGuide pratique du piano
=250  \\$a2e édition 
=260  \\$aParis$bVan De Velde$c1978
=300  \\$a123 pages$bill.
=650  \0$aPiano$1http://www.wikidata.org/entity/Q5994$92127
=650  \0$aMethod$1http://www.wikidata.org/entity/Q2250960$921402
=650  \0$aOrganology$1http://www.wikidata.org/entity/Q899293$921400
=700  \\$aAubert, Bernard$4aut$922482
=942  \\$cBOO
=952  \\$00$10$2ddc$40$6INS_3_000000000000000_3C_MAGN$70$8INS$920717$aORPH$bORPH$cKTS0$d2023-09-22$l0$oINS3.3c MAGN$p20131485$r2021-10-12 00:00:00$w2021-10-12$yBOO
=999  \\$d20404

