=LDR  00973nam a22002297a 4500
=001  20423
=008  211013s1997\\\\||||||||\||||\00|\0\eng\d
=020  \\$a9780300082616
=041  \\$aeng
=100  \\$4aut$aAdams, William Howard$1http://www.wikidata.org/entity/Q93230342$922500
=245  \\$aThe Paris Years of Thomas Jefferson
=260  \\$aNew Haven$aLondon$bYale University$c1997
=300  \\$ax-354 pages
=336  \\$aprinted
=600  \0$aJefferson, Thomas$d1743-1826$1http://www.wikidata.org/entity/Q11812$922501
=648  \0$a18th Century (1701-1800)$1http://www.wikidata.org/entity/Q7015$920899
=650  \0$aHistory$1http://www.wikidata.org/entity/Q309$921403
=651  \0$aUSA$1http://www.wikidata.org/entity/Q30$943
=651  \0$aParis (France)$1http://www.wikidata.org/entity/Q90$9160
=942  \\$cBOO
=952  \\$00$10$2ddc$40$6BIO_JEFF_D$70$8BIO$920736$aORPH$bORPH$cKTS1_P$d2021-04-19$oBIO JEFF d$p20131503$r2021-10-13 00:00:00$v7.54$w2021-10-13$yBOO
=999  \\$d20423

