=LDR  00822nam a22002057a 4500
=001  20424
=005  20250925143307.0
=008  211013s2008\\\\-cna||||\||||\00|\0\eng\d
=041  \\$aeng
=100  \\$4aut$aDianova, Tzenka$922502
=245  \\$aJohn Cage's Prepared Piano:$bThe Nuts and Bolts
=260  \\$aVictoria$bMutasis$c2008
=300  \\$a177 pages
=600  \0$aCage, John$d1912-1992$1http://www.wikidata.org/entity/Q180727$916600
=648  \0$a20th Century (1901-2000)$1http://www.wikidata.org/entity/Q6927$920936
=650  \0$aKeyboard music$1http://www.wikidata.org/entity/Q105715630$921412
=651  \0$aUSA$1http://www.wikidata.org/entity/Q30$943
=942  \\$cBOO
=952  \\$00$10$2ddc$40$6BIO_CAGE_E$70$8BIO$920737$aORPH$bORPH$cKTS1_P$d2021-04-19$oBIO CAGE e$p20131504$r2021-10-14 00:00:00$w2021-10-14$yBOO
=999  \\$d20424

