=LDR  00977nam a22002297a 4500
=001  20426
=008  211014s1982\\\\fr\fg|||\||||\00|\0\fre\d
=041  \\$afre
=100  \\$4aut$aFrançois-Sappey, Brigitte$1http://www.wikidata.org/entity/Q2925421$922506
=245  \\$aJean-François Dandrieu 1682-1738.$bOrganista du Roy
=260  \\$aParis$bPicard$c1982
=300  \\$a303 pages
=336  \\$aprinted
=561  \\$aVaes
=600  \0$aDandrieu, Jean François$d1682-1738$1http://www.wikidata.org/entity/Q707696$96865
=648  \0$a18th Century (1701-1800)$1http://www.wikidata.org/entity/Q7015$920899
=650  \0$aOrganist$1http://www.wikidata.org/entity/Q765778$94471
=650  \0$aBiography$1http://www.wikidata.org/entity/Q36279$91927
=651  \0$aFrance$1http://www.wikidata.org/entity/Q142$9131
=942  \\$cBOO
=952  \\$00$10$2ddc$40$6BIO_DAND_B$70$8BIO$920739$aORPH$bORPH$cKTS1_P$d2021-04-19$g39.60$oBIO DAND b$p20131506$r2021-10-14 00:00:00$w2021-10-14$yBOO
=999  \\$d20426

