=LDR  01027cam a2200265 a 4500
=001  20427
=005  20250925143307.0
=008  810217s1981\\\\-usa\\\\\b\\\\001\0\eng\\
=020  \\$a0835711706
=100  \\$aMead, Rita$4aut$922508
=245  10$aHenry Cowell's New Music, 1925-1936
=260  \\$aAnn Arbor$bUMI Research Press$c1981
=300  \\$axx-616 pages
=336  \\$aprinted
=561  \\$aVaes
=600  \0$aCowell, Henry$d1897-1965$1http://www.wikidata.org/entity/Q434610$919757
=648  \0$a20th Century (1901-2000)$1http://www.wikidata.org/entity/Q6927$920936
=650  \0$aComposer$1http://www.wikidata.org/entity/Q36834$93625
=650  \0$aBiography$1http://www.wikidata.org/entity/Q36279$91927
=651  \0$aUSA$1http://www.wikidata.org/entity/Q30$943
=700  1\$aCowell, Henry,$d1897-1965.
=710  2\$aNew Music Society of California.
=942  \\$cBOO
=952  \\$00$10$2ddc$40$6BIO_COWE_D$70$8BIO$920741$aORPH$bORPH$cKTS1_P$d2021-04-19$oBIO COWE d$p20131507$r2021-10-14 00:00:00$w2021-10-14$yBOO
=999  \\$d20427

