=LDR  00927pam a2200229 a 4500
=001  20436
=008  931215r19941974nyuach\\\b\\\\001\0beng\\
=020  \\$a0306805766
=041  \\$aeng
=100  \\$aPerlis, Vivian$4aut$1http://www.wikidata.org/entity/Q81594721$922527
=245  10$aCharles Ives Remembered:$bAn Oral History
=260  \\$aNew York$bDa Capo$c1994
=300  \\$axviii-237 pages
=336  \\$aprinted
=504  \\$aIncludes bibliographical references and index.
=534  \\$cNew Haven: Yale University Press, 1974
=600  \0$aIves, Charles$d1874-1954$1http://www.wikidata.org/entity/Q309648$915699
=650  \0$aComposer$1http://www.wikidata.org/entity/Q36834$93625
=650  \0$aBiography$1http://www.wikidata.org/entity/Q36279$91927
=942  \\$cBOO
=952  \\$00$10$2ddc$40$6BIO_IVES_B$70$8BIO$920751$aORPH$bORPH$cKTS1_P$d2021-04-19$oBIO IVES b$p20131514$r2021-10-18 00:00:00$v19.15$w2021-10-18$yBOO
=999  \\$d20436

