=LDR  00669nas a22001937a 4500
=001  20450
=008  211019c1997\\\\|||q||||\||||\00|\0\ger\d
=041  \\$ager
=245  \\$aMusik & Ästhetik
=260  \\$aStuttgart$bKlett-Cotta$c1997-
=500  \\$aComplete run, starting with vol. 1 no. 1-2
=700  \\$4edt$aHoltmeier, Ludwig$919110
=700  \\$4edt$aKlein, Richard$917916
=700  \\$4edt$aMahnkopf, Claus-Steffen$915875
=700  \\$4edt$aJanz, Tobias$922552
=700  \\$4edt$aMenke, Johannes$918057
=942  \\$cPER
=952  \\$00$10$2ddc$40$6PER_MA1$70$8PER$920773$aORPH$bORPH$cKM12_1$d2021-10-19$l0$oPER MA1$p20131531$r2021-10-19 00:00:00$w2021-10-19$yPER
=999  \\$d20450

