=LDR  01299cam a2200277 a 4500
=001  20452
=005  20250925143307.0
=008  011220s2001\\\\fr\g\\\\\bk\\\001\0dfre\d
=020  \\$a2911087356
=041  \\$afre
=100  \\$aKaltenecker, Martin$4aut$916158
=245  10$aAvec Helmut Lachenmann
=260  \\$aParis$bVan Dieren$c2001
=300  \\$a343 pages
=336  \\$aprinted
=504  \\$aIncludes bibliographical references (p. 321-323), list of Lachenmann's works (p. 325-[330], discography (p. 331-333), and index.
=600  \0$aLachenmann, Helmut$d1935-$1http://www.wikidata.org/entity/Q549442$916974
=648  \0$a20th Century (1901-2000)$1http://www.wikidata.org/entity/Q6927$920936
=650  \0$aBiography$1http://www.wikidata.org/entity/Q36279$91927
=650  \0$aMusic criticism$1http://www.wikidata.org/entity/Q11748889$921598
=650  \0$aComposer$1http://www.wikidata.org/entity/Q36834$93625
=651  \0$aGermany$1http://www.wikidata.org/entity/Q183$9155
=942  \\$cBOO
=952  \\$00$10$2ddc$40$6BIO_LACH_D$70$8BIO$920775$aORPH$bORPH$cKTS1_P$d2021-10-19$oBIO LACH d$p20131527$r2021-10-19 00:00:00$w2021-10-19$yBOO
=952  \\$00$10$2ddc$40$6BIO_LACH_D$70$8BIO$920911$aORPH$bORPH$cKTS1_P$d2021-10-19$l0$oBIO LACH d$p20129791$r2021-11-08 00:00:00$w2021-10-19$yBOO
=999  \\$d20452

