=LDR  05271nam a22003017a 4500
=001  20453
=005  20250925143307.0
=008  211019r19932010be\fa|||\||||\00|\0\eng\d
=041  \\$aeng$afre
=100  \\$4aut$aLyotard, Jean-François$d1924-1998$916628
=245  \\$aSam Francis :$bLeçons de Ténèbres « like the paintings of a blind man » = Sam Francis: Lesson of Darkness 'like the paintings of a blind man'
=260  \\$aLeuven$bLeuven University Press$c2010
=300  \\$a223 pages
=490  \\$v2
=490  \\$aEcrits sur l'art contemporain et les artistes / Writings on Contemporary Art and Artists
=520  \\$aSam Francis. Leçon de Ténèbres est le second d'une série de cinq volumes réunissant les écrits les plus importants de Jean-François Lyotard (1924-1998) sur l'art contemporain et les artistes. Ce second volume comporte les quarante-trois réflections poétiques et commentaires sur l'?uvre du peintre californien célèbre Sam Francis (1923-1994). Cette édition reprend le texte en anglais dont l'édition (1993) est épuisée, face à face avec l'original en français qui n'a jamais été publié jusqu'à maintenant. Elle reproduit également en couleurs les quarante-trois tableaux commentés par Lyotard.

Selon Lyotard ? l'?uvre [de Sam Francis] rend hommage à la merveille du visible et témoigne de l'énigme du visuel ?. Lyotard découvre dans ces réflections poétiques la variété subtile de la signifiance dans l'emploi des couleurs dans la peinture de Sam Francis.

--------------

Jean-François Lyotard est très connu et plus particulièrement pour ses opinions sur la réflexion postmoderniste et son impact sur la société. Le langage philosophique spécifique de Lyotard reflète l'utilisation du langage d'une part et l'utilisation volontaire d'un style subtile en vue d'aborder des thèmes contemporains éthiques et spécifiques d'autre part. Ses essais, ses réflexions et ses impressions sur les artistes contemporains représentent une partie particulièrement intéressante de son ?uvre.

La série Jean-François Lyotard : Ecrits sur l'art contemporain et les artistes / Writings on Contemporary Art and Artists est constituée de sept volumes offrant une collection complète des écrits de Lyotard concernant l'art contemporain et les artistes, dont certains n'ont fait l'objet d'une publication qu'en allemand, en français ou en anglais. D'autres écrits, issus des archives personnelles de Lyotard, sont ici publiés pour la première fois. Les cinq volumes de Leuven comprennent les textes français originaux accompagnés d'une traduction anglaise en vis-à-vis. Cette présentation côte à côte des textes français et de leur traduction anglaise permettra d'initier un vaste public anglophone à la manière intrigante que Lyotard utilise pour approcher les artistes et leur travail. Les textes sont accompagnés d'illustrations des ?uvres abordées. Les préfaces de tous les volumes sont écrites par H. Parrett et leurs épilogues par un autre expert de Lyotard.

----------------


Jean-François Lyotard is well-known especially for his views on postmodern thinking and its impact on society. Lyotard's anguage-specific philosophy both refl ects on the use of language and uses a consciously subtle style to approach contemporary ethical and aesthetic themes. His essays, reflections and impressions on contemporary artists represent a particularly interesting part of his work.

The series Jean-François Lyotard: Ecrits sur l'art contemporain et les artistes / Writings on Contemporary Art and Artists consists of seven volumes that offer a complete collection of all the writings by Lyotard concerning contemporary art and artists, some of which have been published only in German, French or English. Others, from Lyotard's personal archive, are being published here for the first time. Leuven's six volumes include the complete original French texts along with English translations on facing pages. The parallel presentation of both the French text and the English translation will introduce a wide English-speaking public to the intriguing manner in which Lyotard approached the artists and their work. Illustrations of the works discussed accompany the texts. All volumes include an introduction by Herman Parret and an epilogue by another Lyotard expert.
=600  \0$aFrancis, Sam$d1923-1994$1http://www.wikidata.org/entity/Q526470$922553
=648  \0$a20th Century (1901-2000)$1http://www.wikidata.org/entity/Q6927$920936
=650  \0$aArt criticism$1http://www.wikidata.org/entity/Q1143847$94637
=650  \0$aPhilosophy$1http://www.wikidata.org/entity/Q5891$92357
=651  \0$aFrance$1http://www.wikidata.org/entity/Q142$9131
=700  \\$4win$4trl$aBennington, Geoffrey$1http://www.wikidata.org/entity/Q1483332$922568
=700  \\$4edt$aParret, Herman$917316
=765  \\$aSam Francis: Lessons of Darkness (Writings on Contemporary Art and Artists)
=942  \\$cBOO
=952  \\$00$10$2ddc$40$6PHI_LYOT_A$70$8PHI$918851$aORPH$bORPH$cKM12_3_2$d2021-08-17$g39.00$oPHI LYOT a$p20133848$r2021-01-12 00:00:00$w2021-01-12$yBOO
=952  \\$00$10$2ddc$40$6VIS_LYOT$70$8VIS$920776$aORPH$bORPH$cKTS1_H$d2022-02-09$oVIS LYOT$p20131515$r2021-10-19 00:00:00$w2021-10-19$yBOO
=999  \\$d20453

