=LDR  00768nam a22001937a 4500
=001  20456
=008  211020s2006\\\\||||||||\||||\00|\0\eng\d
=022  \\$a18902154
=041  \\$aeng
=100  \\$4aut$aKjørup, Søren$1http://www.wikidata.org/entity/Q16065224$922570
=245  \\$aAnother Way of Knowing:$bBaumgarten, Aesthetics, and the Concept of Sensuous Cognition
=260  \\$aBergen (NO)$bBergen National Academy of the Arts$c2006
=300  \\$a25 pages
=336  \\$aprinted
=490  \\$aSensuous Knowledge Series$v1
=650  \0$aArtistic research$1http://www.wikidata.org/entity/Q20827087$921804
=942  \\$cBOO
=952  \\$00$10$2ddc$40$6AES_KJOR$70$8AES$920781$aORPH$bORPH$cKM12_1$d2021-10-20$l0$oAES KJOR$p20131534$r2021-10-20 00:00:00$w2021-10-20$yBOO
=999  \\$d20456

