=LDR  00965cam a2200229 a 4500
=001  20457
=005  20250925143307.0
=008  980522s1998\\\\-ukafa\\\b\\\\001\0\eng\\
=041  \\$aeng
=100  \\$aTodd, Allan$4aut$922571
=245  10$aRevolutions 1789-1917
=260  \\$aCambridge$aNew York$bCambridge University Press$c1998
=300  \\$aiv-140 pages$billustration
=504  \\$aIncludes bibliographical references (p. 128-129) and index.
=648  \0$a18th Century (1701-1800)$1http://www.wikidata.org/entity/Q7015$920899
=648  \0$a19th Century (1801-1900)$1http://www.wikidata.org/entity/Q6955$920935
=648  \0$a20th Century (1901-2000)$1http://www.wikidata.org/entity/Q6927$920936
=650  \0$aHistory$1http://www.wikidata.org/entity/Q309$921403
=651  \0$aEurope$y1789-1917
=942  \\$cBOO
=952  \\$00$10$2ddc$40$6HUM_TODD$70$8HUM$920783$aORPH$bORPH$cKM12_1$d2021-10-20$g6.48$oHUM TODD$p20131536$r2021-10-20 00:00:00$w2021-10-20$yBOO
=999  \\$d20457

