=LDR  00624nam a22001817a 4500
=001  20462
=008  211020s2008\\\\||||||||\||||\00|\0\eng\d
=041  \\$aeng
=100  \\$4aut$aHiggins, Duncan$d-1963$922574
=245  \\$aUnloud
=260  \\$aBergen$bBergen National Academy of the Arts$c2008
=300  \\$a39 pages
=336  \\$aprinted
=490  \\$aSensuous Knowledge Series$v5
=650  \0$aArtistic research$1http://www.wikidata.org/entity/Q20827087$921804
=942  \\$cBOO
=952  \\$00$10$2ddc$40$6BIO_HIGG_A$70$8BIO$920787$aORPH$bORPH$cKTS1_P$d2021-10-20$oBIO HIGG a$p20131539$r2021-10-20 00:00:00$w2021-10-20$yBOO
=999  \\$d20462

