=LDR  00954nam a22002417a 4500
=001  20464
=005  20251029115858.0
=008  211020s2009\\\\||||||||\||||\00|\0\eng\d
=022  \\$a18902154
=041  \\$aeng
=245  \\$aDon't touch me, you don't know where I've been; Commissioning a Piece of Music
=260  \\$aBergen$bBergen National Academy of the Arts
=300  \\$a35 pages
=336  \\$aprinted
=490  \\$aSensuous Knowledge Series$v7
=590  \\$aA performance, installation and publication / Remarks
=650  \0$aArtistic research$1http://www.wikidata.org/entity/Q20827087$921804
=650  \0$aComposing$1http://www.wikidata.org/entity/Q92186587$93076
=700  \\$4aut$aPritchard, Alwynne$d-1968$922575
=700  \\$4aut$aSletteland, Roar$922576
=942  \\$cBOO
=952  \\$00$10$2ddc$40$6MTP_2_000000000000000_PRIT$70$8MTP$920789$aORPH$bORPH$cKM12_1$d2021-10-20$l0$oMTP2 PRIT$p20131541$r2021-10-20 00:00:00$w2021-10-20$yBOO
=999  \\$d20464

