=LDR  00998cam a2200253 a 4500
=001  20465
=005  20250925143307.0
=008  890428s1989\\\\nyuag\\\\\\\\\001\0\eng\\
=020  \\$a019504312X
=041  \\$aeng
=100  \\$aSchuller, Gunther$4aut$917676
=245  14$aThe Swing Era:$bThe Development of Jazz 1930-1945
=260  \\$aNew York$bOxford University$c1989
=300  \\$axviii-919 pages$bill., music examples
=336  \\$aprinted
=490  \\$aThe History of Jazz$v2
=500  \\$aIncludes index.
=648  \0$a20th Century (1901-2000)$1http://www.wikidata.org/entity/Q6927$920936
=650  \0$aMusic history$1http://www.wikidata.org/entity/Q846047$921373
=650  \0$aMusic criticism$1http://www.wikidata.org/entity/Q11748889$921598
=650  \0$aJazz$1http://www.wikidata.org/entity/Q8341$92756
=942  \\$cBOO
=952  \\$00$10$2ddc$40$6GEN_19_000000000000000$70$8GEN$920792$aORPH$bORPH$cKM12_1$d2021-10-20$oGEN 19$p20131542$r2021-10-20 00:00:00$v26.02$w2021-10-20$yBOO
=999  \\$d20465

