=LDR  00937cam a2200241 a 4500
=001  20468
=008  810226t19951981mau\\\\\\b\\\\000\0aeng\\
=020  \\$a9780714526911
=041  1\$aeng$hfre
=100  \\$aCage, John$d1912-1992$4ive$4edt$1http://www.wikidata.org/entity/Q180727$916600
=245  10$aFor the Birds:$bJohn Cage in conversation with Daniel Charles
=260  \\$aBoston$bBoyars$c1995
=300  \\$a239 pages
=336  \\$aprinted
=504  \\$aIncludes bibliographical references.
=650  \0$aComposer$1http://www.wikidata.org/entity/Q36834$93625
=650  \0$aMusic criticism$1http://www.wikidata.org/entity/Q11748889$921598
=700  \\$aCharles, Daniel$d1935-2008$4ivr$4trl$922579
=700  \\$aGora, Tom$4edt$922580
=765  \\$aPour les oiseaux
=942  \\$cBOO
=952  \\$00$10$2ddc$40$6BIO_CAGE_A$70$8BIO$920798$aORPH$bORPH$cKTS1_P$d2021-10-21$oBIO CAGE a$p20131544$r2021-10-21 00:00:00$w2021-10-21$yBOO
=999  \\$d20468

