=LDR  01329nam a2200277 a 4500
=001  20469
=008  951026s1995\\\\ne\a\\\\\b\\\\001\0\dut\\
=020  \\$a9024272424
=041  \\$adut
=100  \\$aLelie, Christo$4aut$922581
=245  10$aVan piano tot forte.$bGeschiedenis en ontwikkeling van de vroege piano ca. 1450-1867
=250  \\$a2nd ed.
=260  \\$aKampen$bKok Lyra$c1995
=300  \\$a347 pages$billustrations
=504  \\$aIncludes bibliographical references (p. 324-33) and index
=590  \\$aVan de oudste toetsinstrumenten met piano en forte tot en met de eerste Steinway-vleugels
=648  \0$a15th Century (1401-1500)$1http://www.wikidata.org/entity/Q7018$921015
=648  \0$a16th Century (1501-1600)$1http://www.wikidata.org/entity/Q7017$920944
=648  \0$a17th Century (1601-1700)$1http://www.wikidata.org/entity/Q7016$920923
=648  \0$a18th Century (1701-1800)$1http://www.wikidata.org/entity/Q7015$920899
=648  \0$a19th Century (1801-1900)$1http://www.wikidata.org/entity/Q6955$920935
=650  \0$aPiano$1http://www.wikidata.org/entity/Q5994$92127
=650  \0$aOrganology$1http://www.wikidata.org/entity/Q899293$921400
=942  \\$cBOO
=952  \\$00$10$2ddc$40$6INS_3_000000000000000_3A$70$8INS$920799$aORPH$bORPH$cKTS0$d2021-10-21$oINS3.3a$p20131545$r2021-10-21 00:00:00$yBOO
=999  \\$d20469

