=LDR  01290nam a22002417a 4500
=001  20470
=005  20250925143307.0
=008  211021s1976\\\\||||||||\||||\00|\0\eng\d
=041  \\$aeng
=100  \\$4aut$aHarrel, Doris Leland$922583
=245  \\$aNew Techniques in Twentieth-Century Solo Piano Music.$bAn Expansion of Pianistic Resources from Cowell to the Present
=260  \\$aAnn Arbor, MI$bUMI$c1976
=300  \\$avii-145 pages
=500  \\$a"Dissertation presented to the Faculty of the Graduate School of the University of Texas at Austin in Partial Fulfillment of the Requirements for the Degree of Doctor of Musical Arts"
=600  \0$aCowell, Henry$d1897-1965$1http://www.wikidata.org/entity/Q434610$919757
=600  \0$aCrumb, George$d1929-2022$1http://www.wikidata.org/entity/Q356804$921863
=648  \0$a20th Century (1901-2000)$1http://www.wikidata.org/entity/Q6927$920936
=650  \0$aPiano$1http://www.wikidata.org/entity/Q5994$92127
=650  \0$aKeyboard music$1http://www.wikidata.org/entity/Q105715630$921412
=650  \0$aExtended technique$1http://www.wikidata.org/entity/Q946962$921867
=942  \\$cBOO
=952  \\$00$10$2ddc$40$6INS_3_000000000000000_3D$70$8INS$920800$aORPH$bORPH$cKTS0$d2021-10-21$oINS3.3d$p20131546$r2021-10-21 00:00:00$w2021-10-21$yBOO
=999  \\$d20470

