=LDR  00773cam a2200205   4500
=001  20471
=008  690904r19691930nyug\\\\\\\\\\000\0\eng\\
=041  \\$aeng
=100  \\$aCowell, Henry$d1897-1965$1http://www.wikidata.org/entity/Q434610$919757
=245  10$aNew Musical Resources
=260  \\$aNew York$bSomething Else Press$c1969
=300  \\$axxiii-158 pages$bmusic examples
=336  \\$aprinted
=500  \\$aPhotocopy
=650  \0$aMusic theory$1http://www.wikidata.org/entity/Q193544$92662
=650  \0$aHarmony$1http://www.wikidata.org/entity/Q184421$92358
=700  \\$aGodwin, Joscelyn$4win$911167
=942  \\$cBOO
=952  \\$00$10$2ddc$40$6TRE_COWE$70$8TRE$920801$aORPH$bORPH$cKTS1_H$d2021-10-21$l0$oTRE COWE$p20131547$r2021-10-21 00:00:00$w2021-10-21$yBOO
=999  \\$d20471

