=LDR  01063cam a2200241 i 4500
=001  20472
=005  20250925143307.0
=008  790123t19781976gw\a\\\\\b\\\\001\0\ger\\
=041  \\$ager
=100  1\$aHenck, Herbert$4aut
=245  10$aKarlheinz Stockhausens Klavierstück X:$bHistorie / Theorie / Analyse / Praxis / Dokumentation
=260  \\$aHerrenberg$bDöring$c1976
=300  \\$a101 pages$billustrations
=500  \\$aPhotocopy
=504  \\$aBibliography and discography: p. 83-98.
=600  \0$aStockhausen, Karlheinz$d1928-2007$1http://www.wikidata.org/entity/Q37546939$915865
=648  \0$a20th Century (1901-2000)$1http://www.wikidata.org/entity/Q6927$920936
=650  \0$aKeyboard music$1http://www.wikidata.org/entity/Q105715630$921412
=650  \0$aMusical analysis$1http://www.wikidata.org/entity/Q1544924$92775
=651  \0$aGermany$1http://www.wikidata.org/entity/Q183$9155
=942  \\$cBOO
=952  \\$00$10$2ddc$40$6BIO_STOC_E$70$8BIO$920802$aORPH$bORPH$cKTS1_P$d2021-10-21$l0$oBIO STOC e$p20131548$r2021-10-21 00:00:00$w2021-10-21$yBOO
=999  \\$d20472

