=LDR  00378nam a22000977a 4500
=001  20490
=008  211026b\\\\\\\\||||||||\||||\00|\0\###\d
=245  \\$aMap.Kranten
=942  \\$cPER
=952  \\$00$10$2ddc$40$6KTS_1_000000000000000_C1_41_05L24_133$70$8RAR$920841$aORPH$bORPH$cKTS1_C1$d2021-10-26$eKoopman$i05L24_1-33$l0$oKTS1 C1.41 05L24_1-33$p20137474$r2021-10-26 00:00:00$w2021-10-26$yPER
=999  \\$d20490

