=LDR  00878cas a22002171  4500
=001  20501
=005  20250218163406.0
=008  750824c20139999enkqx\p\\\\\\\0\\\a0eng\\
=022  \\$a0015-6191$l0015-6191$26
=040  \\$aOI
=041  0\$aeng$afre$ager
=110  \\$4edt$aInternational Association of Music Libraries$91568
=245  00$aFontes artis musicae.$bJournal of the International Association of Music Libraries, Archives and Documentation Centres
=260  \\$aBasel$aKassel$bBärenreiter-Verlag$c2013-
=300  \\$avolumes$c25 cm
=500  \\$aHoldings: 60/1-present
=650  \0$aBibliography$1http://www.wikidata.org/entity/Q134995$93965
=650  \0$aLibrary$1http://www.wikidata.org/entity/Q7075$94229
=942  \\$cPER
=952  \\$00$10$2ddc$40$6PER_FA$70$8PER$920887$aORPH$bORPH$cKM12_1$d2021-11-04$l0$oPER FA$p20137573$r2021-11-04 00:00:00$w2021-11-04$yPER
=999  \\$d20501

