=LDR  00790nas a2200217 a 4500
=001  20506
=005  20250120120046.0
=008  900123c20149999sz\b|\||||\\\||\\\||eng||
=022  \\$a0749-4467
=040  \\$aOI
=041  \\$aeng
=100  \\$4edt$aNelson, Peter$922715
=245  00$aContemporary Music Review
=260  \\$aChur$bHarwood$c2014-
=500  \\$aHoldings: 33/3 (2014)-present
=648  \0$a21st Century (2001-2100)$1http://www.wikidata.org/entity/Q6939$920812
=650  \0$aMusical analysis$1http://www.wikidata.org/entity/Q1544924$92775
=650  \0$aMusic criticism$1http://www.wikidata.org/entity/Q11748889$921598
=942  \\$cPER
=952  \\$00$10$2ddc$40$6PER_CM$70$8PER$920897$aORPH$bORPH$cKM12_1$d2021-11-04$l0$oPER CM$p20137576$r2021-11-04 00:00:00$w2021-11-04$yPER
=999  \\$d20506

