=LDR  01211nam a22002417a 4500
=001  20525
=005  20250925143307.0
=008  211108s2013\\\\\\\g||||\||||\00|\0\eng\d
=041  \\$aeng
=100  \\$4aut$aWaal, Rian de$922753
=245  \\$aMetamorphoses.$bThe Art of the Virtuoso Piano Transcription
=260  \\$aDelft$bEburon$c2013
=300  \\$a2 vols. (289 pages+6 CDs)
=561  \\$aHandwritten dedication by the author to Ton Koopman and Tini Mathot
=648  \0$a19th Century (1801-1900)$1http://www.wikidata.org/entity/Q6955$920935
=648  \0$a20th Century (1901-2000)$1http://www.wikidata.org/entity/Q6927$920936
=650  \0$aPiano$1http://www.wikidata.org/entity/Q5994$92127
=650  \0$aArrangement$1http://www.wikidata.org/entity/Q379755$94282
=650  \0$aArtistic research$1http://www.wikidata.org/entity/Q20827087$921804
=942  \\$cBOO
=952  \\$00$10$2ddc$3Book$40$6INS_3_000000000000000_3D_WAAL$70$8INS$920922$aORPH$bORPH$cKTS0$d2021-11-08$oINS3.3d WAAL$p20137404$r2021-11-08 00:00:00$w2021-11-08$yBOO
=952  \\$00$10$2ddc$3CDs$40$6INS_3_000000000000000_3D_WAAL$70$8INS$920923$aORPH$bORPH$cKTS0$d2021-11-08$l0$oINS3.3d WAAL$p20137405$r2021-11-08 00:00:00$w2021-11-08$yREC
=999  \\$d20525

