=LDR  03900nam a22003977a 4500
=001  20529
=008  211108i20152019|||g||||\||||\00|\0dger\d
=041  \\$ager$aeng
=245  \\$aBuxtehude-Studien$nBänden 1-3
=260  \\$aBonn$bButz$c2015; 2017; 2019
=300  \\$a3 vols.
=505  \\$gBand 1: T. Koopman: Johann Gottfried Walther (1684-1748) - ein wichtiges und zuverlässiges Glied in der öberlieferung der Tasdtenmusik von Dieterich Buxtehude (13) -- M. Schneider: Raum-Klang, Klang-Räume (39) -- U. Wellner: Klingende Bilder - Konzept eines Konzerts (53) -- C. Wolff: Passaggio und Finale in den Orgelwerken Dieterich Buxtehudes (89) -- A. Clement: Eine geniale Vaterfigur für Bach: Buxtehude und seine Choralfantasie Nun freut euch, lieben Christen gmein (107) -- H. Fagius: Dieterich Buxtehude uns seine schwedischen Verbindungen (133) -- K. Dittrich: Faszination Schnitger-Orgel: Projekt von nordeuropäischer Dimension (137) -- K. Dittrich & A. Schnoor: Orgelsymposium an St. Marien, Lübeck (141) -- M. Schneider: Buxtehude-Schrifttum 2005-2014 (145) -- M. Schneider: Dieterich Buxtehude Opera Omnia: Gesamteinspielung durch Ton Koopman (161)$gBand 2: J. Heering: Gottesdienst und Liturgie in Lübeck zur Zeit Buxtehudes (11) -- K. Küster: Dieterich Buxtehude und Georg Österreich (29) -- M. Belotti: Belle Iris - Rosilis (45) -- T. Schabalina: Eine neue Textquelle zu einer unbekannten Abendmusik von Buxtehude aus dem Jahr 1692 (81) -- I. Scheitler: Jesu, meiner Freuden Meister BuxWV.61 im Zusammenhang zeitgenössiger Leichencarmina (109) -- F. Krummacher: Buxtehudes solistische Psalmkonzerte (135) -- K. Beckmann: Dietrich Buxtehude, Johann Gottfried Walther und gescholtene Herausgeber (165) -- I. Scheitler: Das Jüngste Gericht im Lichte eines Librettos einer Buxtehude-Abendmusik von 1692 und eines Köngsberger Jüngsten Gerichts (185) -- K. J. Snyder: Buxtehude's Membra Jesu Nostri and 21st-Century Composers (189)
=600  \0$aBuxtehude, Dietrich$d1637-1707$1http://www.wikidata.org/entity/Q153637$910062
=600  \0$aWalther, Johann Gottfried$d1684-1748$1http://www.wikidata.org/entity/Q61716$915404
=600  \0$aPraetorius, Michael$d1571-1621$1http://www.wikidata.org/entity/Q108278$97239
=648  \0$a17th Century (1601-1700)$1http://www.wikidata.org/entity/Q7016$920923
=648  \0$a18th Century (1701-1800)$1http://www.wikidata.org/entity/Q7015$920899
=650  \0$aComposer$1http://www.wikidata.org/entity/Q36834$93625
=650  \0$aBiography$1http://www.wikidata.org/entity/Q36279$91927
=650  \0$aBibliography$1http://www.wikidata.org/entity/Q134995$93965
=650  \0$aOrgan music$1http://www.wikidata.org/entity/Q2003283$91951
=650  \0$aAcoustics$1http://www.wikidata.org/entity/Q82811$921365
=650  \0$aConcert$1http://www.wikidata.org/entity/Q182832$921044
=650  \0$aIconography$1http://www.wikidata.org/entity/Q208145$921259
=650  \0$aChorale$1http://www.wikidata.org/entity/Q724473$921334
=650  \0$aFantasia$1http://www.wikidata.org/entity/Q836571$921930
=651  \0$aLübeck (Germany)$1http://www.wikidata.org/entity/Q2843$9125
=700  \\$4edt$aSchneider, Matthias$913915
=700  \\$4edt$aHeering, Jürgen$922755
=700  \\$4ctb$aKoopman, Ton$d1944-$1http://www.wikidata.org/entity/Q445121$910491
=700  \\$4ctb$aWolff, Christoph$d1940-$1http://www.wikidata.org/entity/Q66488$910387
=942  \\$cBOO
=952  \\$00$10$2ddc$3Band 3$40$6BIO_BUXT_E$70$8BIO$920927$aORPH$bORPH$cKTS1_P$d2021-10-25$oBIO BUXT e$p20137407$r2021-11-08 00:00:00$w2021-11-08$yBOO
=952  \\$00$10$2ddc$3Band 2$40$6BIO_BUXT_E$70$8BIO$920928$aORPH$bORPH$cKTS1_P$d2021-10-25$l0$oBIO BUXT e$p20137408$r2021-11-08 00:00:00$w2021-11-08$yBOO
=952  \\$00$10$2ddc$3Band 1$40$6BIO_BUXT_E$70$8BIO$920929$aORPH$bORPH$cKTS1_P$d2021-10-25$l1$m2$oBIO BUXT e$p20137409$r2022-01-13 00:00:00$s2021-11-08$w2021-11-08$yBOO
=999  \\$d20529

