=LDR  01407nam a22002897a 4500
=001  20530
=008  211108s2021\\\\\\\ah|||\||||\00|\0ddut\d
=041  \\$adut
=100  \\$4edt$aGroot, Simon$918491
=245  \\$aSweelinck!
=260  \\$aAmsterdam$bSweelinck Festival$c2021
=500  \\$aPublished for the occasion of the Sweelinck Festival, Amsterdam, 16-24-October 2021
=600  \0$aSweelinck, Jan Pieterszoon$d1562-1621$1http://www.wikidata.org/entity/Q110294$911454
=648  \0$a16th Century (1501-1600)$1http://www.wikidata.org/entity/Q7017$920944
=648  \0$a17th Century (1601-1700)$1http://www.wikidata.org/entity/Q7016$920923
=650  \0$aComposer$1http://www.wikidata.org/entity/Q36834$93625
=651  \0$aAmsterdam (Netherlands)$1http://www.wikidata.org/entity/Q727$9135
=700  \\$4ctb$aDirksen, Pieter$d1961-$1http://www.wikidata.org/entity/Q28074052$910508
=700  \\$4ctb$aVeen, Sytze van der$922758
=700  \\$4ctb$aVermeer, Gerrit$922757
=700  \\$4ctb$aCok, Kathryn$916189
=700  \\$4ctb$aKoopman, Ton$d1944-$1http://www.wikidata.org/entity/Q445121$910491
=700  \\$4ctb$aRasch, Rudolf$d1945-$1http://www.wikidata.org/entity/Q112427566$913439
=700  \\$4ctb$aRezelman, Hilde$922759
=942  \\$cBOO
=952  \\$00$10$2ddc$40$6BIO_SWEE1_F$70$8BIO$920930$aORPH$bORPH$cKTS1_P$d2021-10-25$l0$oBIO SWEE1 f$p20137410$r2021-11-08 00:00:00$w2021-11-08$yBOO
=999  \\$d20530

