=LDR  01894cam a2200385 i 4500
=001  20546
=005  20251003085500.0
=008  130515t20132013caua\\\\\b\\\\001\0deng\c
=010  \\$a  2013016182
=020  \\$a9781606061497
=040  \\$aOI
=041  1\$aeng$hlat
=100  \\$aQuiccheberg, Samuel$d1529-1567$4aut$1http://www.wikidata.org/entity/Q2218786$923060
=245  14$aThe First Treatise on Museums:$bSamuel Quiccheberg's Inscriptiones, 1565
=264  \1$aLos Angeles$bGetty Research Institute$c2013
=300  \\$axiii, 145 pages :$billustrations ;$c26 cm
=336  \\$atext$2rdacontent
=336  \\$astill image$2rdacontent
=337  \\$aunmediated$2rdamedia
=338  \\$avolume$2rdacarrier
=490  1\$aTexts & Documents / Getty Research Institute
=504  \\$aIncludes bibliographical references (pages 132-139) and index.
=505  2\$aPreface: Wonderful museums and Quiccheberg's Inscriptiones / Bruce Robertson -- Introduction / Mark A. Meadow -- Biography of Samuel Quiccheberg / Heinrich Pantaleon -- Preface to Quiccheberg manuscript / Leo Quiccheberg -- Inscriptions; or, Titles of the most ample theater / Samuel Quiccheberg.
=534  \\$cMunich: Berg, 1565
=648  \0$a16th Century (1501-1600)$1http://www.wikidata.org/entity/Q7017$920944
=650  \0$aXylophone$1http://www.wikidata.org/entity/Q165666$922451
=650  \0$aMusic$92062
=650  \0$aCollecting$1http://www.wikidata.org/entity/Q208165$92117
=650  \0$aCatalogue$1http://www.wikidata.org/entity/Q2352616$921484
=651  \0$aMunich (Germany)$1http://www.wikidata.org/entity/Q1726$9268
=700  \\$aMeadow, Mark A.$4trl$4edt$4win$923061
=700  \\$aRobertson, Bruce$4trl$4edt$923062
=942  \\$cBOO
=952  \\$00$10$2ddc$40$6TRE_QUIC$70$8TRE$920995$aORPH$bORPH$cKTS1_H$d2021-11-15$g36.00$l1$m3$oTRE QUIC$p20131552$r2022-04-27 00:00:00$s2021-11-25$w2021-11-25$yBOO
=999  \\$d20546

