=LDR  01641cam a2200349 a 4500
=001  20547
=005  20250121142134.0
=008  101118s2011\\\\miua\\\\\b\\\s001\0\eng\\
=020  \\$a9780472117666
=035  \\$a(OCoLC)ocn682920806
=040  \\$aOI
=041  \\$aeng
=100  \\$aPascoe, Judith$d-1960$4aut$923063
=245  14$aThe Sarah Siddons Audio Files:$bRomanticism and the Lost Voice
=260  \\$aAnn Arbor, MI$bUniversity of Michigan Press$c2011
=300  \\$axiv-160 pages$billustrations$c24 cm
=490  1\$aTheater: Theory/Text/Performance
=504  \\$aIncludes bibliographical references and index.
=600  \0$aSiddons, Sarah$d1755-1831$1http://www.wikidata.org/entity/Q234746$923064
=648  \0$a18th Century (1701-1800)$1http://www.wikidata.org/entity/Q7015$920899
=648  \0$a19th Century (1801-1900)$1http://www.wikidata.org/entity/Q6955$920935
=650  \0$aActor$1http://www.wikidata.org/entity/Q33999$93442
=650  \0$aFemale$1http://www.wikidata.org/entity/Q6581072$921764
=650  \0$aBiography$1http://www.wikidata.org/entity/Q36279$91927
=650  \0$aTheater history$1http://www.wikidata.org/entity/Q1061140$94607
=650  \0$aActing$1http://www.wikidata.org/entity/Q222749$92807
=650  \0$aStaging$1http://www.wikidata.org/entity/Q3508687$922118
=650  \0$aRomanticism$1http://www.wikidata.org/entity/Q37068$921719
=651  \0$aUnited Kingdom$1http://www.wikidata.org/entity/Q21$9273
=942  \\$cBOO
=952  \\$00$10$2ddc$40$6BIO_SIDD_E$70$8BIO$920996$aORPH$bORPH$cKTS1_P$d2021-11-15$g62.85$l1$m2$oBIO SIDD e$p20131553$r2021-12-21 00:00:00$s2021-11-25$w2021-11-25$yBOO
=999  \\$d20547

