=LDR  01048cam a22002411  4500
=001  20548
=005  20250311101023.0
=008  790302r19371937enkaf\\\\b\\\\000\0\eng\\
=040  \\$aOI
=041  \\$aeng
=100  \\$aPorter, Evelyn$d1899-?$4aut$923076
=245  10$aMusic through the dance:$ba handbook for teachers and students, showing how musical growth has been influenced by the dance throughout the ages
=260  \\$aLondon$bBatsford$c[1937]
=300  \\$axii-155-30 pages$billustrations$c23 cm
=504  \\$aBibliography: p. 151.
=590  \\$aby Evelyn Porter, dance examples by Marjorie Woolnoth, Greek dance by Ruby Ginner.
=650  \0$aDance$1http://www.wikidata.org/entity/Q6034$924845
=650  \0$aMusic history$1http://www.wikidata.org/entity/Q846047$921373
=700  \\$4dnc$aWoolnoth, Marjorie$923077
=700  \\$4dnc$aGinner, Ruby$923078
=942  \\$cBOO
=952  \\$00$10$2ddc$40$6GEN_17_000000000000000$70$8GEN$921001$aORPH$bORPH$cKM12_1$d2021-11-25$g20.00$l0$oGEN17$p20131554$r2021-11-25 00:00:00$w2021-11-25$yBOO
=999  \\$d20548

