=LDR  05428nam a2200421 a 4500
=001  20549
=005  20250925143307.0
=008  881107s1986\\\\fr\a\\\\\b\\\\100\0\fre\\
=020  \\$a2864600870
=040  \\$aOI
=041  0\$afre$aeng
=100  \\$4edt$aHelbo, André$923079
=245  10$aApproches de l'opéra = Approaches of the Opera
=260  \\$aParis$bDidier Erudition$c1986
=300  \\$a333 pages$billustrations$c24 cm
=490  \\$aCollection “Langages, discours et sociétés"
=500  \\$aHardly a book on "opera", but rather on theater and semiotics.
=504  \\$aIncludes bibliographies.
=505  \\$gAvant-propos / André Helbo -- La sémiologie du spectacle à la recherche de son passé / Jiri Veltrusky -- Situations et métaphores théâtrales dans la science contemporaine / Solomon Marcus -- Peut-on construire une sémiologie des actes à travers une représentation théâtrale ? / Abraham A. Moles -- L'opéra, viatique du théâtre. Le lisible et le visible / André Helbo -- Remarques sur le montage au théâtre / Franco Ruffini -- Coexistence de la parole et de la musique. État de la question et quelques réflexions / Tadeusz Kowzan -- “Je suis” ou la petite musique de l'énonciation / Anne Ubersfeld -- Signs of Identity. The Dramatic Character as “Name” and “Body” / Erika Fischer-Lichte -- La diva : un autre mythe de l'opéra / Shuhei Hosokawa -- The Semiotics of Opera Structures / Marvin Carlson -- Movement Within the Scenic Space and Segmentation of the Performance Continuum / Gay McAuley -- Problèmes de mise en espace d'une opérette / Rosalba Gasparro -- Project "E4 - Backwindow" / Beppe Bergamasco & Ulla Alasjarvi -- Languages in Jarry's Ubu Roi: “Mise en signes" of the Mise en Scène / Clare Tufts -- The Deep Structure of Theatrical Performance / Danuta Kuznicka -- Cardiogrammes. La promotion des codes kinesthétiques et linguistiques dans Le jeu de l'amour et du hasard / Carol L. Sherman -- L'intrigue, modèle du spectaculaire? / Svend Erik Larsen -- The Polyphonic Icon / David J. McDonald -- Perception logique et perception spectaculaire. Essai sur la topologie des espaces perceptifs / Etienne Labeyrie -- Émotion et interprétation dans l'expérience du spectateur au théâtre (contre quelques mythologies postmodernes) / Marco de Marinis -- Umberto Eco's Platform. Sign and Object in the Theatre / Jorgen Dines Johansen -- Du référent probable: Parade à la déconstruction / Jean Alter -- “Acting”. A Study in Theatrical Reference / Eli Rozik -- A Peircean Approach to Sign-Function in Nelson Rodrigues' Theater / Fred M. Clark -- La relation interprète/public/espace au théâtre d'animation / Monique Lapointe -- Terrorisme et magie du métadiscours théâtral / Irina Badescu -- The Cathartic Experience. The Role of the Spectator in the Theatre / Freddie Rokem -- Semiotic Analysis of Adaptations in the Theatre / George Mitrevski -- Réflexions sur la dyade terminologique "lisible/visible" (le domaine du spectacle théâtral) / Tatiana Slama-Cazacu -- L'opéra sur la scène et à l'écran: à propos de "Carmen" / Robert Wangermée -- Recitar cantando, de Gluck à Eschyle. Pour une sémiotique des tragédies grecques 2 / Michel Costantini -- Sémiologies mozartiennes / Stéphan de Lannoy -- De la tragédie antique, de l'opéra et de la modernité / Edmond Radar -- Arrière-pan sémiologique de Lulu / Masao Yamaguchi -- From Text to Performance: The Oresteia in the Adaptations of Claudel and Milhaud / Marlies Kronegger -- The Semiotics of Post-Modern Theatre. Gertrude Stein : Dinnah Pladott -- Pratiques du surcodage. La théâtralisation du sport / Milan Bunjevac -- Une saison théâtrale à Paris sous le Second Empire / Brunhilde Wehinger -- Un exercice sémiologique: "Homme portant femme" / Eugenia Chellet -- Abraham sacrifiant, de Théodore de Bèze (1550) / Béatrice Perregaux
=590  \\$aactes du colloque AISS (Royaumont, septembre 1984) 
=600  \0$aBèze, Théodore de$d1519-1605$1http://www.wikidata.org/entity/Q314981$96017
=600  \0$aMarivaux, Pierre Carlet de Chamblain de$d1688-1763$1http://www.wikidata.org/entity/Q49478$98903
=600  \0$aMozart, Wolfgang Amadeus$d1756-1791$1http://www.wikidata.org/entity/Q254$95341
=600  \0$aBizet, Georges$d1838-1875$1http://www.wikidata.org/entity/Q56158$917932
=600  \0$aBerg, Alban$d1885-1935$1http://www.wikidata.org/entity/Q78475$915987
=600  \0$aMilhaud, Darius$d1892-1974$1http://www.wikidata.org/entity/Q186264$98782
=648  \0$aClassical Antiquity (8th Century BC-6th Century AD)$1http://www.wikidata.org/entity/Q486761$921435
=648  \0$a18th Century (1701-1800)$1http://www.wikidata.org/entity/Q7015$920899
=648  \0$a19th Century (1801-1900)$1http://www.wikidata.org/entity/Q6955$920935
=648  \0$a20th Century (1901-2000)$1http://www.wikidata.org/entity/Q6927$920936
=650  \0$aOpera$1http://www.wikidata.org/entity/Q1344$92468
=650  \0$aPlay (theater)$1http://www.wikidata.org/entity/Q25379$921414
=650  \0$aStaging$1http://www.wikidata.org/entity/Q3508687$922118
=650  \0$aSemiotics$1http://www.wikidata.org/entity/Q60195$923080
=651  \0$aEurope$1http://www.wikidata.org/entity/Q46$991
=942  \\$cBOO
=952  \\$00$10$2ddc$40$6GEN_16_000000000000000$70$8GEN$921002$aORPH$bORPH$cKM12_1$d2021-11-25$g23.00$oGEN16$p20131555$r2021-11-25 00:00:00$w2021-11-25$yBOO
=999  \\$d20549

