=LDR  00603nas a22001697a 4500
=001  20550
=008  211125d20032008\\\q||||\||||\00|\0\dut\d
=041  \\$adut
=245  \\$aYang
=260  \\$aGhent$byang$c2003-2008
=300  \\$a23 vols.
=500  \\$aHoldings: vol. 39/2-44/3; followed up by nY
=648  \0$a21st Century (2001-2100)$1http://www.wikidata.org/entity/Q6939$920812
=650  \0$aLiterature$1http://www.wikidata.org/entity/Q8242$94439
=942  \\$cPER
=952  \\$00$10$2ddc$40$6PER_YA1$70$8PER$921006$aORPH$bORPH$cKM12_1$d2021-11-25$oPER YA1$p20131558$r2021-11-25 00:00:00$w2021-11-25$yPER
=999  \\$d20550

