=LDR  00641nas a22001697a 4500
=001  20551
=008  211125c2009\\\\\\\q||||\||||\00|\0\dut\d
=041  \\$adut
=245  \\$anY.$bTijdschrift voor literatuur, kritiek & amusement
=260  \\$aGhent$bYang$c2009-
=500  \\$aHoldings: vol. 1-present
=500  \\$aFollow-up to yang
=648  \0$a21st Century (2001-2100)$1http://www.wikidata.org/entity/Q6939$920812
=650  \0$aLiterature$1http://www.wikidata.org/entity/Q8242$94439
=942  \\$cPER
=952  \\$00$10$2ddc$40$6PER_YA2$70$8PER$921007$aORPH$bORPH$cKM12_1$d2021-11-25$l0$oPER YA2$p20131559$r2021-11-25 00:00:00$w2021-11-25$yPER
=999  \\$d20551

