=LDR  00765nam a22001817a 4500
=001  20552
=005  20250925143307.0
=008  211125s1981\\\\||||||||\||||\00|\0\fre\d
=100  \\$4aut$aWeiss, William$923090
=245  \\$aIntroduction à une pédagogie musicale de l'acteur
=260  \\$aOttawa$bÉditions de l'Université d'Ottawa$c1981
=300  \\$a190 pages
=648  \0$a20th Century (1901-2000)$1http://www.wikidata.org/entity/Q6927$920936
=650  \0$aActor$1http://www.wikidata.org/entity/Q33999$93442
=650  \0$aMusic education$1http://www.wikidata.org/entity/Q27908$921766
=942  \\$cBOO
=952  \\$00$10$2ddc$40$6MTP_4_000000000000000_WEIS$70$8MTP$921008$aORPH$bORPH$cKM12_1$d2021-11-25$g30.00$l0$oMTP4 WEIS$r2021-11-25 00:00:00$w2021-11-25$yBOO
=999  \\$d20552

