=LDR  04626cam a22003498i 4500
=001  20555
=005  20250925143307.0
=008  200312s2020\\\\nyu\\\\\\b\\\\001\0\eng\\
=020  \\$a9781108481618$q(hardback)
=040  \\$aOI
=041  \\$aeng
=245  10$aCarmen Abroad:$bBizet's Opera on the Global Stage
=260  \\$aCambridge$bCambridge University Press$c2020
=300  \\$axxii-364 pages
=504  \\$aIncludes bibliographical references and index.
=505  0\$aEstablishment in Paris and the repertoire. Carmen at home and abroad / Clair Rowden and Richard Langham Smith ; Carmen's second chance: revival in Vienna / Laura Moeckli ; Carmen faces Paris and the provinces / Clair Rowden ; Carmen dusted down: Albert Carré's 1898 revival at the Opéra-Comique / Michela Niccolai ; Refashioning Carmen at the Théâtre de La Monnaie, 1902 / Bruno Forment ; How Carmen became a repertory opera in Italy and in Italian / Matthew Franke -- Across frontiers. A new performance for a new world: Carmen in America / Kristen M. Turner ; The unstoppable march of time: Carmen, and New Orleans in transition / Charlotte Bentley ; The return of the habanera: Carmen's early reception in Latin America / José Manuel Izquierdo, Jaime Cortés-Polanía and Juan Francisco Sans ; From Spain to Lusophone lands: Carmen in Portugal and Brazil / David Cranmer ; Carmen in the Antipodes / Kerry Murphy ; Carmen, as seen and heard in Victorian Britain / Paul Rodmell ; Celtic Carmens: rebellion and redemption / Linda J. Buckley and Jennifer Millar ; Carmen for the Czechs and Germans, 1880 to 1945 / Martin Nedbal ; Carmen in Poland prior to 1918 / Renata Suchowiejko ; A woman or a demon: Carmen in the late nineteenth-century Nordic countries / Ulla-Britta Broman-Kananen -- Localising Carmen. Russian Carmens and 'Carmenism': from imperial import to ideological benchmark / Michelle Assay ; The other reversed?: Japan's assimilation of Carmen between 1885 and 1945 / Naomi Matsumoto ; Flamenco and the 'hispanicisation' of Bizet's Carmen in the Belle Époque / Michael Christoforidis and Elizabeth Kertesz ; Carmen at home: between Andalusia and the Basque provinces (1845-1936) / Lola San Martín Arbide ; Carmen in the Midi amphitheatres: a 'tauro-comique' spectacle / Sabine Teulon Lardic.
=520  \\$a"This book was born out of a previous collaboration on Carmen between its two editors: their work on the Peters Edition of the opera. Styled as a 'Performance Urtext' this edition focussed on bringing to the printed page not only the musical text, but also many of the details of how Carmen was first performed. Both editors had thus gone through every bar of the opera with a fine-tooth comb: some sort of follow-up seemed inevitable. The idea of a book on 'Carmen abroad' was hatched, focussed - like the edition of its performance. From the outset we were encouraged by the enthusiastic reception of the idea by Cambridge University Press and we began to approach potential contributors. Then the project trifurcated: not only would we have a book, we would somehow bring together contributors in a conference, and we would have a website. At first an international online video-conference was envisaged but practicalities - not least of time-zone differences - proved insurmountable. An International Initiatives Grant from Cardiff University and a Music & Letters Trust award provided the answer by providing funding for a two-day academic conference which would not have come into being without the energy, fruitful exchanges and support of all our collaborators"--
=600  \0$aBizet, Georges$d1838-1875$tCarmen.$1http://www.wikidata.org/entity/Q56158$917932
=610  \0$aOpéra-Comique (Paris, France)$1http://www.wikidata.org/entity/Q872222$920953
=648  \0$a19th Century (1801-1900)$1http://www.wikidata.org/entity/Q6955$920935
=648  \0$a20th Century (1901-2000)$1http://www.wikidata.org/entity/Q6927$920936
=650  \0$aOpera$1http://www.wikidata.org/entity/Q1344$92468
=650  \0$aLegacy$1http://www.wikidata.org/entity/Q623282$922131
=650  \0$aStaging$1http://www.wikidata.org/entity/Q3508687$922118
=651  \0$aWorld$1http://www.wikidata.org/entity/Q2$922254
=700  \\$aLangham Smith, Richard$4edt$923095
=700  \\$aRowden, Clair$4edt$923094
=700  \\$aForment, Bruno$d1978-$1https://orcid.org/0000-0002-0157-5485$4ctb$920844
=856  \\$uhttp://www.carmenabroad.org$3Companion website
=942  \\$cBOO
=952  \\$00$10$2ddc$40$6BIO_BIZE_E$70$8BIO$921011$aORPH$bORPH$cKTS1_P$d2021-11-15$g100.19$l0$oBIO BIZE e$p20131562$r2021-11-26 00:00:00$w2021-11-26$yBOO
=999  \\$d20555

