=LDR  01513nam a22002297a 4500
=001  20561
=008  211130s1753\\\\\\\|||||\||||\00|\0\dut\d
=041  \\$adut
=100  \\$4aut$aLa Fargue, Jean Thomas$dc. 1700-1774$95282
=245  \\$aStaats-Spiegel voor den Nederlanderen,$btegen uitheemsse Kunstenaryen, en verkeerde bevattingen des tyds
=260  \\$aThe Hague$bBerkoske$c1753
=300  \\$a[18] pages
=500  \\$aIncomplete. Consist only of the "Voorrede" (18 pages of introduction). Corpus itself is missing.
=501  \\$aComœdia vetus: bootsmans-praetje
Hollands Magazyn 1a
Hollands Magazyn 1b
De voornaamste staatsgevallen van Europa zedert de Utrechtse Vrede
Beschryvinge van het Recht- en Gesteltenisse der Barrière
Het waere interest van 't misleide Nederland 
=590  \\$aIn III. Deelen: als, I. 't Waare interest van 't misleide Nederland. II. Verhandeling dan den Koophandel en Scheepvaard van Grootbritanje en van Vrankryk enz. III/ De Voornaamste Staatsgevallen dan Europa zedert de Utregtse Vrede enz.
=648  \0$a18th Century (1701-1800)$1http://www.wikidata.org/entity/Q7015$920899
=650  \0$aHistory$1http://www.wikidata.org/entity/Q309$921403
=651  \0$aNetherlands$1http://www.wikidata.org/entity/Q55$9173
=773  \\$0539$tComœdia vetus: bootsmans-praetje$w539
=942  \\$cBOO
=952  \\$00$10$2ddc$40$6KTS_1_000000000000000_C1_53_03H52E$70$8RAR$921019$aORPH$bORPH$cKTS1_C1$d2021-11-30$eKoopman$i 03H52e$l0$oKTS1 C1.53 03H52e$r2021-11-30 00:00:00$w2021-11-30$yBOO
=999  \\$d20561

