=LDR  01013njm a22002057a 4500
=001  20562
=008  211130b\\\\\\\\||||||||\||||\00|\0\###\d
=041  \\$aeng
=245  \\$aFootnotes
=260  \\$aGhent$bOrpheus Instituut$binnova$c2020
=300  \\$aLP$b12", stereo$c45:12$eCard with QR code for download
=500  \\$aAccompanying recording to the book by Catherine Laws, William Brooks, David Gordon, Nguyên Thanh Thûy, Stefan Östersj¨and Jeremy J. Wells, Voices, Bodies, Practices: Performing Musical Subjectivities (Leuven: Leuven University Press, 2019) 
=505  \\$aCage -- Cotten -- Crump -- ibid. -- Cotten, loc. cit. -- Cage, passim
=700  \\$4prf$aBrooks, William$918665
=700  \\$4prf$aÖstersjö, Stefan$916302
=700  \\$4prf$aWells, Jez$923137
=700  \\$4dsr$aD'Errico, Lucia$919728
=942  \\$cREC
=952  \\$00$10$2ddc$40$6REC_12_000000000000000_BROO_2020$70$8REC$921021$aORPH$bORPH$cKM12_2_B$d2021-11-30$l0$oREC 12 BROO 2020$p20131475$r2021-11-30 00:00:00$w2021-11-30$yREC
=999  \\$d20562

