=LDR  01181nam a22001337a 4500
=001  20583
=008  211217m17xx\\\\||||||||\||||\00|\d\dut\d
=041  \\$adut
=245  \\$aVerscheide comedien-tragedien
=500  \\$aA convolute with 'Treurspelen'
=505  \\$aA   Bruin, Claas	De dood van Johan en Garcias of De onzydige regtspleeging van Cosmos de Medicis, Groothertog van Toscanen. Treurspel
B   Bruin, Claas	Aarnout en Adolf van Egmond, Hertogen van Gelder. Treurspel
C   Bruin, Claas	Spiegel van edelmoedige vriendschap. Treurspel
D   Bruin, Claas	De dood van Willem den Eersten, Prins van Oranje. Treurspel
E   Asselijn, Thomas	De dood van de Graaven Egmond en Hoorne. Treurspel
F   Heynk, Dirk Pietersz	Don Louis de Vargas of Edelmoedige wraak. Treurspel
G   Wouthers, Antoon Frans [Anthonius Franciscus]	De stantvastige Genoveva, of Herstelde onnoselheid; treurspel
H   Guevara, Luis Vélez de; Heulen, Christiaan van (trans.)	De gekroonde na haar dood. Treurspel
=942  \\$cBOO
=952  \\$00$10$2ddc$40$6KTS_1_000000000000000_C1_60_09D17AH$70$8RAR$921099$aORPH$bORPH$cKTS1_C1$d2021-12-17$eKoopman$i09D17a-h$oKTS1 C1.60 09D17a-h$p20138031$r2021-12-17 00:00:00$w2021-12-17$yBOO
=999  \\$d20583

