=LDR  01447nam a2200265 a 4500
=001  20587
=005  20250925143307.0
=008  010813s1928\\\\fr\df\\\r\\\\\000\0\fre\d
=040  \\$aOI
=041  \\$afre
=100  \\$aRenieu, Lionel$d1879-1940$4aut$1http://www.wikidata.org/entity/Q1827264$923293
=245  10$aHistoire des théâtres de Bruxelles :$bdepuis leur origine jusqu'à ce jour
=260  \\$aParis$bDuchartre & Van Buggenhoudt$c1928
=300  \\$a2 vols. (1219 pages)
=648  \0$a17th Century (1601-1700)$1http://www.wikidata.org/entity/Q7016$920923
=648  \0$a18th Century (1701-1800)$1http://www.wikidata.org/entity/Q7015$920899
=648  \0$a19th Century (1801-1900)$1http://www.wikidata.org/entity/Q6955$920935
=648  \0$a20th Century (1901-2000)$1http://www.wikidata.org/entity/Q6927$920936
=650  \0$aTheater history$1http://www.wikidata.org/entity/Q1061140$94607
=651  \0$aBrussels (Belgium)$1http://www.wikidata.org/entity/Q239$937
=700  \\$aRondel, Auguste$d1858-1934$4win$1http://www.wikidata.org/entity/Q63381015$923294
=942  \\$cBOO
=952  \\$00$10$2ddc$3vol. 1$40$6TOP_BE_BRU1$70$8TOP$921107$aORPH$bORPH$cKTS0$d2021-12-21$g54.00$l1$m1$oTOP BE.BRU1$p20134267$r2022-03-23 00:00:00$s2021-12-21$w2021-12-21$yBOO
=952  \\$00$10$2ddc$3vol. 2$40$6TOP_BE_BRU1$70$8TOP$921108$aORPH$bORPH$cKTS0$d2021-12-21$g54.00$l1$m1$oTOP BE.BRU1$p20134268$r2022-03-23 00:00:00$s2021-12-21$w2021-12-21$yBOO
=999  \\$d20587

