=LDR  02548cam a2200277u  4500
=001  20590
=003  OI
=005  20250925143307.0
=008  180924s2019\\\\mau\\\\||\\\\|000\||eng|d
=020  \\$a9781472470409
=020  \\$a1472470400
=040  \\$aOI
=041  \\$aeng
=245  04$aThe Routledge Research Companion to Modernism in Music
=260  \\$aAndover$bRoutledge$c2019
=300  \\$a568 pages
=504  \\$aIncludes bibliographical references and index.
=520  8\$aModernism in music still arouses passions and is riven by controversies. Taking root in the early decades of the twentieth century, it achieved ideological dominance for almost three decades following the Second World War, before becoming the object of widespread critique in the last two decades of the century, both from critics and composers of a postmodern persuasion and from prominent scholars associated with the `new musicology'. Yet these critiques have failed to dampen its ongoing resilience. The picture of modernism has considerably broadened and diversified, and has remained a pivotal focus of debate well into the twenty-first century. This Research Companion does not seek to limit what musical modernism might be. At the same time, it resists any dilution of the term that would see its indiscriminate application to practically any and all music of a certain period. In addition to addressing issues already well established in modernist studies such as aesthetics, history, institutions, place, diaspora, cosmopolitanism, production and performance, communication technologies and the interface with postmodernism, this volume also explores topics that are less established; among them: modernism and affect, modernism and comedy, modernism versus the `contemporary', and the crucial distinction between modernism in popular culture and a `popular modernism', a modernism of the people. In doing so, this text seeks to define modernism in music by probing its margins as much as by restating its supposed essence.
=648  \0$a20th Century (1901-2000)$1http://www.wikidata.org/entity/Q6927$920936
=650  \0$aMusic history$1http://www.wikidata.org/entity/Q846047$921373
=650  \0$aAvant-garde$1http://www.wikidata.org/entity/Q102932$921178
=700  \\$aHeile, Björn$4edt$918756
=700  \\$aWilson, Charles$d1968-$4edt$923297
=942  \\$cBOO
=952  \\$00$10$2ddc$40$6GHM_7_000000000000000$70$8GHM$921112$aORPH$bORPH$cKM12_1$d2021-12-21$g51.51$l1$oGHM7$p20137604$q2022-06-18$r2021-12-21 00:00:00$s2021-12-21$w2021-12-21$yBOO
=999  \\$d20590

