=LDR  00904nam a22002057a 4500
=001  20593
=005  20250925143307.0
=008  220103s2014\\\\\\\ga|||\m|||\00|\0\eng\d
=041  \\$aeng
=100  \\$4aut$aVarassi Pega, Barbara$d-1977$923341
=245  \\$aCreating and Re-Creating Tangos:$bArtistic Processes and Innovations in Music by Pugliese, Salgán, Piazzolla and Beytelmann
=260  \\$aLeiden$bUniversiteit Leiden$c2014
=300  \\$a378 pages
=500  \\$aDoctoral dissertation
=648  \0$a20th Century (1901-2000)$1http://www.wikidata.org/entity/Q6927$920936
=650  \0$aArtistic research$1http://www.wikidata.org/entity/Q20827087$921804
=650  \0$aTango$1http://www.wikidata.org/entity/Q338450$923342
=942  \\$cDIS
=952  \\$00$10$2ddc$40$6MTP_5_000000000000000_VARA$70$8REF$921124$aORPH$bORPH$cKM12_1$d2022-01-03$l0$oMTP5 VARA$p20137584$r2022-01-03 00:00:00$w2022-01-03$yDIS
=999  \\$d20593

