=LDR  00818cam a2200217 i 4500
=001  20594
=005  20250908102944.0
=008  170406s2018\\\\nyu\\\\\\\\\\\000\0\eng\c
=020  \\$a9781138900004 (pbk.)
=040  \\$aOI
=041  \\$aeng
=245  00$aImmersive Sound:$bThe Art and Science of Binaural and Multi-Channel Audio
=264  \1$aNew York$aLondon$bRoutledge, Taylor & Francis$c2018
=300  \\$axiii-363 pages$c25 cm
=490  \\$aA Focal Press Book
=650  \0$aTechnology$1http://www.wikidata.org/entity/Q11016$921633
=700  \\$aRoginska, Agnieszka$4edt$923347
=700  \\$aGeluso, Paul$4edt$923348
=942  \\$cBOO
=952  \\$00$10$2ddc$40$6SCI_ROGI$70$8SCI$921125$aORPH$bORPH$cKM12_1$d2022-01-04$g71.70$l1$m1$oSCI ROGI$p20137602$q2022-07-01$r2022-01-04 00:00:00$s2022-01-04$w2022-01-04$yBOO
=999  \\$d20594

