=LDR  03621cam a22003978i 4500
=001  20599
=005  20250121142134.0
=008  191004s2020\\\\nyu\\\\\\b\\\\001\0\eng\\
=020  \\$a9781108428521$q(hardback)
=040  \\$aOI
=041  \\$aeng
=245  00$aBeethoven Studies$n4
=264  \1$aNew York$bCambridge University Press$c2020
=300  \\$a247 pages
=490  0\$aCambridge Composer Studies
=504  \\$aIncludes bibliographical references and index.
=505  0\$aFrom the Chapel to the Theatre to the Akademiensaal. Beethoven's Musical Apprenticeship at the Bonn Electoral Court, 1784-1792 / John Wilson -- Apprenticeship at the Bonn Electoral Court, 1784-1792 / John Wilson -- Gracious Beethoven? / W. Dean Sutcliffe -- Beethoven's Unfinished Symphonies / Barry Cooper -- Beethoven as Sentimentalist / Michael Spitzer -- Beethoven's Nature : Idealism and Sovereignty from an Ecological Perspective / Keith Chapin -- (Cross-)Gendering the German Voice / Katherine Hambridge -- Beethoven and tonal prototypes : an inherited and developing relationship / Giorgio Sanguinetti -- Shared identities and thwarted narratives. Beethoven and the Austrian Allgemeine musikalische Zeitung, 1817-1824 / David Wyn Jones -- Composing with a dictionary. Sounding the Word in Beethoven's Missa solemnis / Birgit Lodes -- Deafly Performing Beethoven's Last Three Piano Sonatas / Tom Beghin.
=520  \\$a"Did you know that Beethoven contemplated, however fleetingly, writing more than forty symphonies and that for the Missa Solemnis he sought stimulus from a Latin-German dictionary? And what about the underappreciated sociable side of Beethoven's music to set alongside the familiar one of the heroic? Beethoven Studies 4 is a collection of ten chapters that approach the composer and his music from an appealing range of critical standpoints, aesthetic, analytical, biographical, historical and performance. Alongside essays that offer new information on Beethoven's compositional practice and broaden understanding of the music's contemporary and posthumous appeal, there are essays on his interaction with specific environments, Bonn and post-Napoleonic Austria, and vocal and piano performance practice. The volume will appeal to cultural historians and practitioners as well as Beethoven enthusiasts"--
=600  \0$aBeethoven, Ludwig van$d1770-1827$1http://www.wikidata.org/entity/Q255$95335
=648  \0$a18th Century (1701-1800)$1http://www.wikidata.org/entity/Q7015$920899
=648  \0$a19th Century (1801-1900)$1http://www.wikidata.org/entity/Q6955$920935
=650  \0$aComposer$1http://www.wikidata.org/entity/Q36834$93625
=650  \0$aMusic education$1http://www.wikidata.org/entity/Q27908$921766
=650  \0$aPartimento$1http://www.wikidata.org/entity/Q2054960$921242
=650  \0$aMusic criticism$1http://www.wikidata.org/entity/Q11748889$921598
=650  \0$aMass$1http://www.wikidata.org/entity/Q217295$92735
=650  \0$aKeyboard music$1http://www.wikidata.org/entity/Q105715630$921412
=650  \0$aHistorically informed performance$1http://www.wikidata.org/entity/Q1344860$920980
=650  \0$aSymphony$1http://www.wikidata.org/entity/Q9734$92527
=651  \0$aBonn (Germany)$1http://www.wikidata.org/entity/Q586$9112
=651  \0$aVienna (Austria)$1http://www.wikidata.org/entity/Q1741$920937
=700  \\$aChapin, Keith$4edt$923369
=700  \\$aWyn Jones, David$4edt$923221
=942  \\$cBOO
=952  \\$00$10$2ddc$40$6BIO_BEET_E$70$8BIO$921134$aORPH$bORPH$cKTS1_P$d2022-01-04$g89.74$l1$m3$oBIO BEET e$p20137587$r2025-06-25 10:01:34$s2022-01-05$w2022-01-05$yBOO
=999  \\$d20599

