=LDR  03649cam a22003618i 4500
=001  20600
=005  20250926134858.0
=008  210524s2022\\\\enk\\\\\\b\\\\001\0deng\\
=020  \\$a9781108489843$q(hardback)
=040  \\$aOI
=041  \\$aeng
=245  00$aClara Schumann Studies
=264  \1$aCambridge$aNew York, NY$bCambridge University Press$c2021
=300  \\$a307 pages
=490  0\$aCambridge Composer Studies
=504  \\$aIncludes bibliographical references and index.
=505  0\$aIntroduction. Clara Schumann in the Musicological Imagination / Joe Davies -- Clara and Robert Schumann's Circles in Dresden : 'I take the liberty to request from you an invitation [...] to your musical matinee' / Anja Bunzel -- Disillusionment and Patriotism: Clara and Robert Schumann in the Wake of the 1848-1849 Revolutions / Susan Youens -- Softened, Smudged, Erased : Punctuation and Continuity in Clara Schumann's Lieder / Stephen Rodgers -- A Way with Words : Expressive Declamation in Clara Schumann's Songs / Harald Krebs -- Clara Schumann and the Nineteenth-Century Piano Concerto / Joe Davies -- Clara Schumann and Bach / Susan Wollenberg -- Formal Innovation and Virtuosity in Clara Schumann's Piano Trio in G minor, Op. 17 / Nicole Grimes -- Contextualizing Clara Schumann's Romanzen / Katharina Uhde & R. Larry Todd -- The Young Prophetess in Performance / Amanda Lalonde -- Clara Schumann's Compositional and Concertizing Strategies, and Robert Schumann's Piano Sets / Alexander Stefaniak -- Clara - Robert's Posthumous Androgyne / Roe-Min Kok -- Clara Schumann, 'Clara Schumann', and the American Press / Jonathan Kregor -- Clara Schumann's Legacy as a Teacher / Natasha Loges.
=520  \\$a"Since the 1980s, when she re-emerged from the peripheries into a more central position in music studies, Clara Schumann (1819-1896) has exerted an enduring fascination over the scholarly and popular imagination. Revisionist biographies, the uncovering of primary sources (diaries, letters, memorabilia), and filmic and literary depictions of Schumann have all brought into sharper focus the details and reception of her life, while simultaneously drawing attention to how much there is still to learn about her creativity. This book brings together a team of leading scholars to reappraise Clara Schumann in three particular respects: first, by delving deeper into her social and musical contexts; secondly, by offering fresh analytical perspectives on her songs and instrumental music; and thirdly, by reconsidering her legacy as a pianist and teacher"--$cProvided by publisher.
=600  \0$aSchumann, Clara$d1819-1896$1http://www.wikidata.org/entity/Q132232$915642
=600  \0$aBach, Johann Sebastian$d1685-1750$1http://www.wikidata.org/entity/Q1339$94766
=648  \0$a19th Century (1801-1900)$1http://www.wikidata.org/entity/Q6955$920935
=650  \0$aComposer$1http://www.wikidata.org/entity/Q36834$93625
=650  \0$aBiography$1http://www.wikidata.org/entity/Q36279$91927
=650  \0$aSong$1http://www.wikidata.org/entity/Q7366$94164
=650  \0$aConcerto$1http://www.wikidata.org/entity/Q9748$921817
=650  \0$aChamber music$1http://www.wikidata.org/entity/Q189201$92105
=650  \0$aMusic education$1http://www.wikidata.org/entity/Q27908$921766
=650  \0$aPiano$1http://www.wikidata.org/entity/Q5994$92127
=651  \0$aGermany$1http://www.wikidata.org/entity/Q183$9155
=700  \\$aDavies, Joe$4edt$923370
=942  \\$cBOO
=952  \\$00$10$2ddc$40$6BIO_SCHU3_E$70$8BIO$921135$aORPH$bORPH$cKTS1_P$d2022-01-04$g89.73$l1$m3$oBIO SCHU3 e$p20137588$r2025-06-25 10:01:43$s2022-01-05$w2022-01-05$yBOO
=999  \\$d20600

