=LDR  03161nam a22002897a 4500
=001  20601
=008  220105s1812\\\\\\\ga|||\||||\00|\0\fre\d
=041  \\$afre
=100  \\$4aut$aVilloteau, Guillaume-André$d1759-1839$1http://www.wikidata.org/entity/Q2424371$923372
=245  \\$aMémoire sur la musique de l'antique Égypte; De l'état actuel de l'art musical en Égypte; Description historique, technique et littéraire des instrumens de musique des orientaux
=250  \\$a1st ed.
=260  \\$aParis$bImprimerie impériale$c1812
=490  \\$aDescription de l'Egypte, ou, Recueil des observations et des recherches qui ont été faites en Egypte pendant l'expédition de l'armée française. État moderne$v2
=500  \\$aContains pages 389-426 and 607-1018 of État moderne, volume 2
=501  \\$aArts et métiers, planches III, VI, X, XII, XIV, XV, XVII, XVIII, XX-XXIII, XXVI, XXVII, XXX (descriptions only)
=504  \\$aTable des matières at pages 844 and 1012
=520  \\$aLa Description de l'Égypte, ou Recueil des observations et des recherches qui ont été faites en Égypte pendant l'expédition de l'Armée française, publié par les ordres de Sa Majesté l’Empereur Napoléon le Grand1 est un ouvrage monumental, issu de la campagne d'Égypte de Bonaparte. Il est écrit par une pléiade de savants, dans la tradition des voyages d'exploration scientifique du XVIIIe siècle et dans l'esprit de l'Encyclopédie.

La Description de l'Égypte est la première encyclopédie consacrée exclusivement à l'Égypte : elle se compose de textes de descriptions et de mémoires, illustrés par des volumes de planches. Les articles et les illustrations présentent l'Antiquité et l'Histoire moderne de l'Égypte sous différents aspects : architecture, agriculture, langage, musique, costume, sociologie, médecine, histoire naturelle, et une cartographie détaillée. Au moment de sa publication, c'est la plus grande œuvre imprimée et son influence est énorme, établissant l'égyptologie comme une discipline intellectuelle et inspirant la passion pour l'art de l'Égypte antique dans le monde occidental.

Cette œuvre a connu deux éditions : la première dite « édition impériale » à partir de 1809, ordonnée par Napoléon ; la seconde, dite « édition Panckoucke » à partir de 1820, sous les auspices de Louis XVIII. 
=590  \\$aou Relation historique et descriptive des recherches et observations faites sur la musique en ce pays
=600  \0$aBonaparte, Napoleon$d1769-1821$1http://www.wikidata.org/entity/Q517$912955
=648  \0$aClassical Antiquity (8th Century BC-6th Century AD)$1http://www.wikidata.org/entity/Q486761$921435
=648  \0$a19th Century (1801-1900)$1http://www.wikidata.org/entity/Q6955$920935
=650  \0$aMusic history$1http://www.wikidata.org/entity/Q846047$921373
=650  \0$aOrganology$1http://www.wikidata.org/entity/Q899293$921400
=651  \0$aEgypt$1http://www.wikidata.org/entity/Q79$968
=942  \\$cBOO
=952  \\$00$10$2ddc$40$6KTS_1_000000000000000_C3_21$70$8RAR$921136$aORPH$bORPH$cKTS1_C3$d2022-01-05$oKTS1 C3.21$p20137589$r2022-01-05 00:00:00$w2022-01-05$yBOO
=999  \\$d20601

