=LDR  01374cas a2200325 a 4500
=001  20602
=005  20250109133513.0
=006  m\\\\\o\\d\\\\\\\\
=007  cr\|||||||||||
=008  040308c19979999cauqr\p\o\\\\\0\\\a0eng\\
=040  \\$aOI
=041  0\$ager$afre$aeng$aita$aspa
=210  0\$aMusic. sci.
=222  \0$aMusicae scientiae
=245  00$aMusicæ scientiæ.$bThe Journal of the European Society for the Cognitive Sciences of Music
=260  \\$aLiège$bESCOM$c1999-2010
=260  3\$aLos Angeles, CA$bSAGE$c2011-
=310  \\$aQuarterly,$b2013-
=321  \\$aThree times a year,$bspring 2011-
=321  \\$aSemiannual,$b1997-<fall 1999>
=362  1\$aPrint began with vol. 1, no. 1 (spring 1997).
=525  \\$aIncludes special issues.
=546  \\$aEditorial information in English and French; text of articles available in a choice of languages: German, French, English, Italian, Spanish.
=588  \\$aDescription based on print.
=588  \\$aLatest issue consulted: Vol. 24, no. 4 (Dec. 2020) (sagepub.com website, viewed Nov. 20, 2020).
=650  \0$aPeriodical$1http://www.wikidata.org/entity/Q1002697$921106
=650  \0$aMusic psychology$1http://www.wikidata.org/entity/Q476590$921788
=942  \\$cPER
=952  \\$00$10$2ddc$40$6PER_MS1$70$8PER$921137$aORPH$bORPH$cKM12_1$d2022-01-05$oPER MS1$r2022-01-05 00:00:00$w2022-01-05$yPER
=999  \\$d20602

