=LDR  02016cam a2200337 i 4500
=001  20604
=005  20251001162234.0
=008  200506s2021\\\\caua\\\\\b\\\\001\0\eng\\
=010  \\$a  2020019958
=020  \\$a9781503613362$q(cloth)
=040  \\$aOI
=041  \\$aeng
=100  \\$aCuillé, Tili Boon$4aut$923381
=245  10$aDivining Nature:$bAesthetics of Enchantment in Enlightenment France
=260  \\$aStanford, CA$bStanford University Press$c2021
=300  \\$axiii-333 pages$billustrations$c24 cm
=504  \\$aIncludes bibliographical references and index.
=505  0\$aIntroduction : the spectacle of nature -- The marvels of nature in Buffon and Rameau -- The philosophy of nature in Diderot and Rousseau -- The harmony of nature in Paul et Virginie -- The poetics of nature in Ossian and Staël -- Epilogue : a theater of enchantment.
=520  \\$a"Divining Nature traces the philosophical, aesthetic, and affective responses to the "spectacle of nature" across the arts and sciences in eighteenth-century France to uncover the preservation and proliferation of wonder in the age of reason"
=600  \0$aRameau, Jean-Philippe$d1683-1764$1http://www.wikidata.org/entity/Q1145$94787
=600  \0$aDiderot, Denis$d1713-1784$1http://www.wikidata.org/entity/Q448$914909
=600  \0$aRameau, Jean-Philippe$d1683-1764$1http://www.wikidata.org/entity/Q1145$94787
=648  \0$a18th Century (1701-1800)$1http://www.wikidata.org/entity/Q7015$920899
=650  \0$aEnlightenment$1http://www.wikidata.org/entity/Q12539$94532
=650  \0$aScience$1http://www.wikidata.org/entity/Q7991$921650
=650  \0$aOpera$1http://www.wikidata.org/entity/Q1344$92468
=650  \0$aAesthetics$1http://www.wikidata.org/entity/Q35986$921494
=651  \0$aFrance$1http://www.wikidata.org/entity/Q142$9131
=942  \\$cBOO
=952  \\$00$10$2ddc$40$6TOP_FR_5_000000000000000$70$8TOP$921139$aORPH$bORPH$cKTS0$d2022-01-05$g54.95$l1$m3$oTOP FR 5$p20137591$r2025-06-25 10:01:44$s2022-01-06$w2022-01-06$yBOO
=999  \\$d20604

