=LDR  01055cam a22002771  4500
=001  20606
=005  20250925143307.0
=008  780920s1945\\\\be\\\\\\\\\\\\000\0\fre\c
=035  \\$a(OCoLC)4237633
=040  \\$aOI
=041  \\$afre
=245  10$aApologie du jazz
=260  \\$aBrussels$bLes Presses de Belgique$c1945
=300  \\$a234 pages$c19 cm
=500  \\$aUncut exemplar
=504  \\$a"Quelques beaux disques": p. 205-217.
=505  0\$a1. Triomphe d'un monde englouti -- 2. Trophées -- Annexe. Le jazz sur notre continent.
=648  \0$a20th Century (1901-2000)$1http://www.wikidata.org/entity/Q6927$920936
=650  \0$aJazz$1http://www.wikidata.org/entity/Q8341$92756
=700  \\$aBernhard, Edmond$4aut$923388
=700  \\$aVergnies, Jacques de$4aut$923389
=700  \\$aOuwerx, John$d1903-1983$4win$923390
=700  \\$aStehman, Jacques$d1912-1975$923391
=942  \\$cBOO
=952  \\$00$10$2ddc$40$6GEN_19_000000000000000$70$8GEN$921141$aORPH$bORPH$cKM12_1$d2022-01-06$l0$oGEN19$p20137593$r2022-01-06 00:00:00$w2022-01-06$yBOO
=999  \\$d20606

