=LDR  01132cam a2200265 a 4500
=001  20607
=005  20251001162314.0
=008  991207s1999\\\\be\a\\\\\b\\\\001\0\fre\\
=020  \\$a2870096968 (pbk.)
=040  \\$aOI
=041  \\$afre
=100  \\$aVan Wymeersch, Brigitte$4aut$923392
=245  10$aDescartes et l'évolution de l'esthétique musicale
=260  \\$aLiège$bMardaga$c1999
=300  \\$a192 pages$billustrations$c24 cm
=490  \\$aMusique-Musicologie
=504  \\$aIncludes bibliograpphical references (p. [169]-188) and index.
=600  \0$aDescartes, René$d1596-1650$1http://www.wikidata.org/entity/Q9191$95525
=648  \0$a17th Century (1601-1700)$1http://www.wikidata.org/entity/Q7016$920923
=650  \0$aMusic philosophy and aesthetics$1http://www.wikidata.org/entity/Q2092865$921165
=650  \0$aMusic theory$1http://www.wikidata.org/entity/Q193544$92662
=650  \0$aInfluence$1http://www.wikidata.org/entity/Q1307337$922289
=942  \\$cBOO
=952  \\$00$10$2ddc$40$6BIO_DESC_E$70$8BIO$921143$aORPH$bORPH$cKTS1_P$d2022-01-06$l0$oBIO DESC e$p20137594$r2022-01-06 00:00:00$w2022-01-06$yBOO
=999  \\$d20607

