=LDR  01173cam a2200277 i 4500
=001  20608
=005  20251001162314.0
=008  790817r19791838fr\g\\\\\\\\\\000\0\fre\\
=020  \\$a2234009995
=040  \\$aOI
=041  \\$afre
=100  \\$aRousseau, Jean-Jacques$d1712-1778$4aut$1http://www.wikidata.org/entity/Q6527$95214
=245  10$aÉcrits sur la musique$bavec des notes, éclaircissements historiques, etc.
=260  \\$a[Paris]$bStock$c1979
=300  \\$aliv-451 pages$bmusic$c18 cm
=490  0\$aMusique
=500  \\$aReprint of the 1838 ed. published by Éditions Pourrat.
=561  \\$aEx libris Peter Dejans, 1982 (manuscript)
=648  \0$a18th Century (1701-1800)$1http://www.wikidata.org/entity/Q7015$920899
=650  \0$aMusic philosophy and aesthetics$1http://www.wikidata.org/entity/Q2092865$921165
=651  \0$aSwitzerland$1http://www.wikidata.org/entity/Q39$920954
=651  \0$aFrance$1http://www.wikidata.org/entity/Q142$9131
=700  \\$4win$aKintzler, Catherine$923393
=942  \\$cBOO
=952  \\$00$10$2ddc$40$6TRE_ROUS$70$8TRE$921144$aORPH$bORPH$cKTS1_H$d2022-01-06$l0$oTRE ROUS$p20137595$r2022-01-06 00:00:00$w2022-01-06$yBOO
=999  \\$d20608

