=LDR  00967nam a22002297a 4500
=001  20609
=008  220106r19791894||||||||\||||\00|\0\fre\d
=041  \\$afre$hger
=100  \\$4aut$aSchumann, Robert$d1810-1856$1http://www.wikidata.org/entity/Q7351$913977
=245  \\$aSur les musiciens
=260  \\$a[Paris]$bStock$c1979
=300  \\$a326 pages
=534  \\$cParis: Fischbacher, 1894 and 1898
=648  \0$a19th Century (1801-1900)$1http://www.wikidata.org/entity/Q6955$920935
=650  \0$aMusic criticism$1http://www.wikidata.org/entity/Q11748889$921598
=651  \0$aGermany$1http://www.wikidata.org/entity/Q183$9155
=700  \\$4trl$aCurzon, Henri de$d1861-1942$1http://www.wikidata.org/entity/Q18197525$910352
=700  \\$4win$aJacobs, Rémi$923394
=765  \\$aÜber Musik und Musiker
=942  \\$cBOO
=952  \\$00$10$2ddc$40$6TRE_SCHU2$70$8TRE$921145$aORPH$bORPH$cKTS1_H$d2022-01-06$l0$oTRE SCHU2$p29137596$r2022-01-06 00:00:00$w2022-01-06$yBOO
=999  \\$d20609

