=LDR  00826nam a22002297  4500
=001  20611
=005  20250925143307.0
=008  910604s1960\\\\fr\\\\\\\\\\\\000\f\fre\\
=010  \\$altf91063277
=040  \\$aOI
=041  \\$afre
=100  \\$aButor, Michel$d1926-2016$4aut$1http://www.wikidata.org/entity/Q309716$916818
=245  10$aDegrés.$bRoman
=260  \\$aParis$bGallimard$c1960
=300  \\$a389 pages
=490  \\$aL'Imaginaire$v16
=648  \0$a20th Century (1901-2000)$1http://www.wikidata.org/entity/Q6927$920936
=650  \0$aNovel$1http://www.wikidata.org/entity/Q8261$921629
=651  \0$aFrance$1http://www.wikidata.org/entity/Q142$9131
=942  \\$cBOO
=952  \\$00$10$2ddc$40$6LIT_BUTO_A$70$8LIT$921158$aORPH$bORPH$cKM12_2_H$d2022-01-10$oLIT BUTO a$p20131566$r2022-01-10 00:00:00$w2022-01-10$yBOO
=999  \\$d20611

