=LDR  01012nam a2200253 a 4500
=001  20612
=005  20250925143307.0
=008  970115s1996\\\\fr\\\\\\\b\\\\000\0dfre\\
=020  \\$a2259183298
=040  \\$aOI
=041  \\$afre
=100  \\$aButor, Michel$d1926-2016$4ive$1http://www.wikidata.org/entity/Q309716$916818
=245  10$aCurriculum vitae :$bentretiens avec André Clavel
=260  \\$aParis$bPlon$c1996
=300  \\$a274 pages$c21 cm
=504  \\$aIncludes bibliographical references (p. [269]-271).
=648  \0$a20th Century (1901-2000)$1http://www.wikidata.org/entity/Q6927$920936
=650  \0$aWriter$1http://www.wikidata.org/entity/Q36180$93885
=650  \0$aLiterature$1http://www.wikidata.org/entity/Q8242$94439
=651  \0$aFrance$1http://www.wikidata.org/entity/Q142$9131
=700  \\$aClavel, André$4ivr$923398
=942  \\$cBOO
=952  \\$00$10$2ddc$40$6BIO_BUTO_A$70$8BIO$921160$aORPH$bORPH$cKTS1_P$d2022-01-10$l0$oBIO BUTO a$p20131567$r2022-01-10 00:00:00$w2022-01-10$yBOO
=999  \\$d20612

