=LDR  00914nam a2200229 a 4500
=001  20613
=005  20250925143307.0
=008  091022s1964\\\\gw\\\\\|r\\\\|000\||fre|d
=040  \\$aOI
=041  \\$afre
=100  \\$aButor, Michel$d1926-2016$4aut$1http://www.wikidata.org/entity/Q309716$916818
=245  10$aRepertoire II :$bprobleme des romans
=260  \\$aParis$bLes Éditions du Minuit$c1964
=300  \\$a304 pages
=504  \\$aTable des matières
=648  \0$a20th Century (1901-2000)$1http://www.wikidata.org/entity/Q6927$920936
=650  \0$aLiterature$1http://www.wikidata.org/entity/Q8242$94439
=650  \0$aPhilosophy$1http://www.wikidata.org/entity/Q5891$92357
=651  \0$aFrance$1http://www.wikidata.org/entity/Q142$9131
=942  \\$cBOO
=952  \\$00$10$2ddc$40$6LIT_BUTO_A$70$8LIT$921161$aORPH$bORPH$cKM12_2_H$d2022-01-10$l0$oLIT BUTO a$p20131568$r2022-01-10 00:00:00$w2022-01-10$yBOO
=999  \\$d20613

