=LDR  01804nam a22002177a 4500
=001  20614
=005  20250925143307.0
=008  220110s1982\\\\\\\|||||\||||\00|\0\fre\d
=041  \\$afre
=100  \\$4aut$aButor, Michel$d1926-2016$1http://www.wikidata.org/entity/Q309716$916818
=245  \\$aRépertoire V et dernier
=260  \\$aParis$bLes Éditions du Minuit$c1982
=300  \\$a335 pages
=490  \\$aCollection "Critique"
=505  \\$g
Michel Butor
Répertoire V

1982
Collection Critique , 340 pages. Pas disponible
ISBN : 9782707306326

Imprimer la fiche

    Présentation

‑‑‑‑‑ Table des matières ‑‑‑‑‑

D’ou ça vous vient ? – La littérature et la nuit – La ville comme texte – Sans feu ni lieu (sur Thomas Morus) – Les compagnons de Pantagruel – Marges pour l’Apocalypse (sur Albert Dürer) – Bernardino de Sahagun – Dialogue avec Charles Perrault sur les fontaines de la fable – Les révolutions des calendriers (sur les 32 sonates de Beethoven – Fantaisie chromatique à propos de Stendhal – Proust et les sens – La langue de l’exil (sur Joyce) – Triptyque sur l’évolution de Mondrian – Christian Dotremont et la neige – Une semaine d’escales (sur la musique) – Vanité – La concupiscence des yeux (sur Jean-Luc Parant) – Matériel pour un Don Juan – Don Juan aux États-Unis – Aux ateliers de la fée Morgane – Répertoire.  
=648  \0$a20th Century (1901-2000)$1http://www.wikidata.org/entity/Q6927$920936
=650  \0$aLiterature$1http://www.wikidata.org/entity/Q8242$94439
=651  \0$aFrance$1http://www.wikidata.org/entity/Q142$9131
=942  \\$cBOO
=952  \\$00$10$2ddc$40$6LIT_BUTO_A$70$8LIT$921162$aORPH$bORPH$cKM12_2_H$d2022-01-10$l0$oLIT BUTO a$p20131569$r2022-01-10 00:00:00$w2022-01-10$yBOO
=999  \\$d20614

