=LDR  01397nam a2200241 a 4500
=001  20615
=005  20250925143307.0
=008  870127s1968\\\\fr\f\\\\\\\\\||||\||fre\\
=040  \\$aOI
=041  \\$afre
=100  \\$aButor, Michel$d1926-2016$4aut$1http://www.wikidata.org/entity/Q309716$916818
=245  10$aRépertoire III
=260  \\$aParis$bLes Éditions de Minuit$c1968
=300  \\$a407 pages$billustrations
=490  0\$aCollection "Critique"
=505  \\$gLa critique et l’invention – L’archéologie – Les Ambassadeurs de François Ier à la cour d’Henri VIII, de Hans Holbein – La Corbeille de fruits, de Caravage – Jean-Jacques Rousseau – Diderot – Hokusai – Les Parisiens en province, de Balzac – Le théâtre de Victor Hugo – Claude Monet – Les lectures de l’enfance – Picasso – Apollinaire – Mondrian – André Breton – Rothko – L’exposition Document III à Kassel – L’opéra.
=648  \0$a20th Century (1901-2000)$1http://www.wikidata.org/entity/Q6927$920936
=650  \0$aLiterature$1http://www.wikidata.org/entity/Q8242$94439
=650  \0$aPhilosophy$1http://www.wikidata.org/entity/Q5891$92357
=651  \0$aFrance$1http://www.wikidata.org/entity/Q142$9131
=942  \\$cBOO
=952  \\$00$10$2ddc$40$6LIT_BUTO_A$70$8LIT$921163$aORPH$bORPH$cKM12_2_H$d2022-01-10$l0$oLIT BUTO a$p20131570$r2022-01-10 00:00:00$w2022-01-10$yBOO
=999  \\$d20615

