=LDR  00998nam a22002537a 4500
=001  20616
=008  220110s1995\\\\|||a||||\||||\00|\0bdut\d
=041  \\$adut$heng
=100  \\$4aut$aDuffy, Maureen$923400
=245  \\$aHenry Purcell
=260  \\$aBaarn$bde Prom$c1995
=300  \\$a248 pages
=504  \\$aTable of contents
=534  \\$cLondon: Fourth Estate, 1994
=561  \\$aGift of Bruno Forment
=600  \0$aPurcell, Henry$d1659-1695$1http://www.wikidata.org/entity/Q9695$95840
=648  \0$a17th Century (1601-1700)$1http://www.wikidata.org/entity/Q7016$920923
=650  \0$aComposer$1http://www.wikidata.org/entity/Q36834$93625
=650  \0$aBiography$1http://www.wikidata.org/entity/Q36279$91927
=651  \0$aUnited Kingdom$1http://www.wikidata.org/entity/Q21$9273
=700  \\$4trl$aBekker, Jos den$923401
=942  \\$cBOO
=952  \\$00$10$2ddc$40$6BIO_PURC1_D$70$8BIO$921165$aORPH$bORPH$cKTS1_P$d2022-01-10$l0$oBIO PURC1 d$p20131571$r2022-01-10 00:00:00$w2022-01-10$yBOO
=999  \\$d20616

