=LDR  04683nam a22004817a 4500
=001  20617
=008  220111i18141866\\\a||||\||||\00|\d\fre\d
=041  \\$afre
=245  \\$aSupplement au magasin théâtral,$bchoix de pièces jouées sur les théâtres de Paris
=246  \1$aRépertoire dramatique
=260  \\$aParis$bMarchant$c1814-66
=300  \\$a2 vols. (294+420 pages)$c26 cm
=500  \\$aIdiosyncratic selection of plays published by this journal and bound in by the owner.
=500  \\$aSeveral markings in ink and pencil
=504  \\$aHandwritten indices in front matter, indicating the number of acts and duration of each piece?
=505  \\$gVol. 1: Le Mari de la veuve / Alexandre Dumas et *** (1832) -- Le Puff, ou Mensonge et vérité / Eugène Scribe (1848) -- La Révolution française / Francastel - Laurent (1847) -- Le Chevalier de Saint-Georges / Mélesville et Roger de Beauvoir (1840) -- Cantatrice et Marquise / Barthélémy et Eug. Fillot (1843) -- Les Saltimbanques / Dumersan et Varin (1838) -- La Nuit de Noël / Reber, Eugène Scribe (1848) -- Le Val d'Andorre / Halévy, Saint-Georges -- La Propriété c'est le vol / Clairville & J. Cordier -- Le Père de la débutante / Théaulon et Bayard (1837)$gVol. 2: Don Juan / Mozart, Émile Deschamps et Henri Blaze (1866) -- Les Anglaises pour rire, ou La Table et le logement / Sewrin et Dumersan (1814) -- L'Art de ne pas monter sa garde / Barthélémy et Lhérie (s.d.) -- Le Chevreuil, ou Le Fermier anglais / Léon H*** et Jaime (1831) -- Renaudin de Caen / Duvert et Lauzanne (1836) -- Pascal et Chambord / Anicet Bourgeois et Edouard Brisebarre (1839) -- Trois Épiciers / Lokcroy et Anicet-Bourgeois (1840) -- Les Pontons / Prosper Dinaux et Eugène Sue (1841) -- Oscar, ou Le Mari qui trompe sa femme / Scribe et Duveyrier (1842) -- Les Fumeurs / Paul De Kock et Varin (1843) -- Le Mari à la campagne / Bayard et Jules de Vailly (1844) -- Deux papas très bien, ou La Grammaire de Chicard / Labiche et Lefranc (1844) -- Un Tigre de Bengale / Brisebarre et Marc-Michel (1849) -- Giralda, ou La Nouvelle Psyché / Adolphe Adam, Eugène Scribe (1850) -- Le Misanthrope et l'Auvergnat / Lubize, Labiche et Siraudin (1852) -- Le Banquet des barbettes / Clairville et Jules Cordier (1859) -- 
=561  \\$aVol. 1 has ex libris Bibliothèque de M. Delmotte (plate)
=600  \0$aSaint-Georges, Joseph Bologne de$d1745-1799$1http://www.wikidata.org/entity/Q726953$923413
=610  \0$aComédie-Française (Paris, France)$1http://www.wikidata.org/entity/Q61460498$920931
=610  \0$aCirque Olympique (Paris, France)$1http://www.wikidata.org/entity/Q61518916$923412
=610  \0$aThéâtre des Variétés (Paris, France)$1http://www.wikidata.org/entity/Q373890$923414
=610  \0$aOpéra-Comique (Paris, France)$1http://www.wikidata.org/entity/Q872222$920953
=610  \0$aThéâtre du Vaudeville (Paris, France)$1http://www.wikidata.org/entity/Q109936383$923415
=610  \0$aThéâtre de la Gaîté (Paris, France)$1http://www.wikidata.org/entity/Q16838226$923416
=648  \0$a19th Century (1801-1900)$1http://www.wikidata.org/entity/Q6955$920935
=650  \0$aPlay (theater)$1http://www.wikidata.org/entity/Q25379$921414
=650  \0$aLibretto$1http://www.wikidata.org/entity/Q131084$94031
=650  \0$aBallet$1http://www.wikidata.org/entity/Q41425$94412
=650  \0$aSatire$1http://www.wikidata.org/entity/Q128758$921636
=650  \0$aChristmas$1http://www.wikidata.org/entity/Q19809$92122
=650  \0$aPolitics$1http://www.wikidata.org/entity/Q7163$921826
=651  \0$aParis (France)$1http://www.wikidata.org/entity/Q90$9160
=700  \\$4aut$aDumas, Alexandre$d1802-1870$1http://www.wikidata.org/entity/Q38337$923411
=700  \\$4aut$aScribe, Eugène$d1791-1861$1http://www.wikidata.org/entity/Q319261$95460
=700  \\$4aut$aLabiche, Eugène$1http://www.wikidata.org/entity/Q379929$916511
=700  \\$4cmp$aHalévy, Fromental$d1799-1862$1http://www.wikidata.org/entity/Q313917$923266
=700  \\$4cmp$aMozart, Wolfgang Amadeus$d1756-1791$1http://www.wikidata.org/entity/Q254$95341
=700  \\$4cmp$aAdam, Adolphe$d1803-1856$1http://www.wikidata.org/entity/Q189544$96451
=700  \\$4trl$4adp$aCastil-Blaze$d1784-1857$1http://www.wikidata.org/entity/Q294142$95547
=942  \\$cBOO
=952  \\$00$10$2ddc$3vol. 1$40$6KTS_1_000000000000000_H_09_036$70$8RAR$921166$aORPH$bORPH$cKTS1_H$d2022-01-11$oKTS1 H.09.036$p20138201$r2022-01-11 00:00:00$w2022-01-11$yBOO
=952  \\$00$10$2ddc$3vol. 2$40$6KTS_1_000000000000000_H_09_037$70$8RAR$921167$aORPH$bORPH$cKTS1_H$d2022-01-11$l0$oKTS1 H.09.037$p20138202$r2022-01-11 00:00:00$w2022-01-11$yBOO
=999  \\$d20617

