=LDR  01902ncm a22003257a 4500
=001  20618
=008  220111q1881\\\\\\\||k||\||||\00|\0\fre\d
=024  \\$2Plate numbers$aA.C. 5100
=041  \\$afre
=100  \\$4cmp$aOffenbach, Jacques$d1819-1880$1http://www.wikidata.org/entity/Q41555$916257
=245  \\$aLes Contes d'Hoffmann.$bOpéra fantastique en 4 actes
=250  \\$a1st ed. [?]
=260  \\$aParis$bChoudens$c1881 [?]
=300  \\$a[vi]-271 pages$bhardcover linen & marbled paper, gilded embossed spine, illustrated title page
=500  \\$aThe imprint "Choudens Père et Fils ... 265, Rue St. Honoré" suggests a publishing date before April 1885
=500  \\$a The opera was composed between 1876 and 1880, and premiered 1881 in Paris at the  Opéra-Comique. Casting of the premiere printed in this edition.
=500  \\$aPlate A.C.5100
=534  \\$aPremiered at the Opéra-Comique, Paris, on 10 February 1881
=561  \\$aEx libris Biblioth. Leclerc (manuscript)
=600  \0$aHoffmann, E. T. A.$d1776-1822$1http://www.wikidata.org/entity/Q150471$911619
=610  \0$aOpéra-Comique (Paris, France)$1http://www.wikidata.org/entity/Q872222$920953
=648  \0$a19th Century (1801-1900)$1http://www.wikidata.org/entity/Q6955$920935
=650  \0$aOpera$1http://www.wikidata.org/entity/Q1344$92468
=651  \0$aParis (France)$1http://www.wikidata.org/entity/Q90$9160
=700  \\$4lbt$aBarbier, Jules$d1825-1901$1http://www.wikidata.org/entity/Q548181$98236
=700  \\$aBazille, Auguste$d1828-1891$1http://www.wikidata.org/entity/Q207298$4arr$916811
=856  \\$uhttps://imslp.org/wiki/Les_contes_d%27Hoffmann_(Offenbach%2C_Jacques)$3International Music Score Library Project
=942  \\$cSCO
=952  \\$00$10$2ddc$40$6KTS_1_000000000000000_H_04_049$70$8RAR$921168$aORPH$bORPH$cKTS1_H$d2022-01-11$l0$oKTS1 H.04.049$p20138200$r2022-01-11 00:00:00$w2022-01-11$ySCO
=999  \\$d20618

