=LDR  02369nam a22003137a 4500
=001  20619
=005  20250925143307.0
=008  220111i1908\\\\\\\o||||\||||\00|\d\fre\d
=041  \\$afre
=245  \\$aL'Illustration théâtrale.$bJournal d'actualités dramatiques$nnos. 92-105
=260  \\$aParis$bL'Illustration théâtrale$c1908
=300  \\$a[iv]-32-[iv]-24-8-[iv]-32--[iv]-24-[iv]-40-[iv]-32-[iv]-36-[iv]-36-[iv]-32-[iv]-38-[2]-[iv]-32-[iv]-48-[iv]-40-[iv]-36 pages$bleather gilded embossed spine, marbled front- and backcover, marbled endpapers, contains photographs
=500  \\$afrom nr 92, 6 june 1908, to nr 106, 26 december 1908.
=500  \\$aContains numerous photographs of actors, sets and stagings
=505  \\$gChérubin / Francis de Croisset -- Amoureuse / Georges de Porto-Riche -- L'Écran brisé / Henry Bordeaux -- Fédora / Victorien Sardou -- Les Jumeaux de Brighton / Tristan Bernard -- La Maison en ordre / Arthur W. Pinero -- Parmi les pierres (Stein unter Steinen) / Hermann Sudermann -- Le Bon Roi Dagobert / André Rivoire -- Le Rpo / G.-A. de Caillavet, Robert de Flers et Emmanuel Arène -- L'Oreille fendue / Lucien Népoty -- L'Émigré / Paul Bourget -- Israël / Henry Bernstein -- Le Foyer / Octave Mirbeauy et Thadée Natanson -- La Patronne / Maurice Donnay -- Le Passe-partout / Georges Thurner
=561  \\$aEs libris Achille Mabille, Bavay (stamp) & M. Delaunay (ms., crayon)
=590  \\$apubliant le texte complet des pièces nouvelles jouées dans les principaux théâtres de Paris
=648  \0$a20th Century (1901-2000)$1http://www.wikidata.org/entity/Q6927$920936
=650  \0$aPlay (theater)$1http://www.wikidata.org/entity/Q25379$921414
=650  \0$aTheater history$1http://www.wikidata.org/entity/Q1061140$94607
=650  \0$aActing$1http://www.wikidata.org/entity/Q222749$92807
=650  \0$aStaging$1http://www.wikidata.org/entity/Q3508687$922118
=650  \0$aCostume$1http://www.wikidata.org/entity/Q1410477$922116
=650  \0$aActor$1http://www.wikidata.org/entity/Q33999$93442
=651  \0$aParis (France)$1http://www.wikidata.org/entity/Q90$9160
=942  \\$cBOO
=952  \\$00$10$2ddc$40$6KTS_1_000000000000000_H_07_032$70$8RAR$921169$aORPH$bORPH$cKTS1_H$d2021-11-05$g10.00$l0$oKTS1 H.07.032$p20138192$r2022-01-11 00:00:00$w2022-01-11$yBOO
=999  \\$d20619
=533  \\$aDigitized by iGuana, Spring 2025.

