=LDR  01103nam a22002537a 4500
=001  20621
=005  20250925143307.0
=008  220111s1982\\\\\\\g||||\||||\00|\0\fre\d
=041  \\$afre$heng
=100  \\$4aut$aBernstein, Leonard$d1918-1990$1http://www.wikidata.org/entity/Q152505$916348
=245  \\$aLa Question sans réponse :$bsix conférences données à Harvard
=260  \\$aParis $bLaffont$c1982
=300  \\$a354 pages
=490  \\$aDiapason
=534  \\$cCambridge, MA: Harvard University Press, 1976
=610  \0$aHarvard University (Cambridge, MA, USA)$1http://www.wikidata.org/entity/Q13371$91214
=648  \0$a20th Century (1901-2000)$1http://www.wikidata.org/entity/Q6927$920936
=650  \0$aMusical analysis$1http://www.wikidata.org/entity/Q1544924$92775
=651  \0$aUSA$1http://www.wikidata.org/entity/Q30$943
=700  \\$4trl$aDemange, Odile$923420
=765  \\$aThe Unanswered Question: Six Talks at Harvard
=942  \\$cBOO
=952  \\$00$10$2ddc$40$6TRE_BERN$70$8TRE$921172$aORPH$bORPH$cKTS1_H$d2022-01-11$l0$oTRE BERN$p20134270$r2022-01-11 00:00:00$w2022-01-11$yBOO
=999  \\$d20621

