=LDR  00826nam a22001697a 4500
=001  20622
=008  220113s2021\\\\\\\ag|||\||||\00|\0\eng\d
=041  \\$aeng
=100  \\$4edt$aMiranda, Eduardo Reck$d1963-$1http://www.wikidata.org/entity/Q5340746$917661
=245  \\$aHandbook of Artificial Intelligence for Music:$bFoundations, Advanced Approaches, and Developments for Creativity
=260  \\$aCham$bSpringer Nature Switzerland$c2021
=300  \\$axxx-994 pages
=648  \0$a21st Century (2001-2100)$1http://www.wikidata.org/entity/Q6939$920812
=650  \0$aArtificial intelligence$1http://www.wikidata.org/entity/Q11660$92413
=942  \\$cBOO
=952  \\$00$10$2ddc$40$6SCI_MIRA$70$8SCI$921173$aORPH$bORPH$cKM12_1$d2022-01-10$g243.91$l1$m1$oSCI MIRA$p20131579$q2022-07-10$r2022-01-13 00:00:00$s2022-01-13$w2022-01-13$yBOO
=999  \\$d20622

