=LDR  01871cam a2200325 i 4500
=001  20623
=005  20250821124557.0
=008  201215s2021\\\\nyuag\\\\b\\\\001\0\eng\\
=020  \\$a9781648250101$qhardcover
=020  \\$a1648250106$qhardcover
=020  \\$z9781800101944 (PDF ebook)
=020  \\$z1800101945 (PDF ebook)
=035  \\$a(OCoLC)on1240175254
=040  \\$aOI
=041  \\$aeng
=100  \\$aBreitman, David$4aut$923451
=245  10$aPiano-Playing Revisited:$bWhat Modern Players Can Learn from Period Instruments
=264  \1$aRochester, NY$bUniversity of Rochester Press$c2021
=300  \\$axx-206 pages$billustrations, music$c24 cm
=490  0\$aEastman Studies in Music
=504  \\$aIncludes bibliographical references (pages [193]-197) and indexes.
=505  00$tPreface --$tAcknowledgements --$g1.$tMusic making then and now --$g2.$tWith broad strokes (an overview) --$g3.$tThe early days of piano: Haydn and Mozart --$g4.$tBeethoven and the evolving piano --$g5.$tSchubert --$g6.$tChopin --$g7.$tThe clavichord --$tEpilogue: creativity in the performance of old music --$tAppendix: overtone structure of the Steinway and Waler, compared --$tGlossary of terms --$tNotes --$tBibliography --$tIndex of works --$tGeneral index.
=648  \0$a18th Century (1701-1800)$1http://www.wikidata.org/entity/Q7015$920899
=648  \0$a19th Century (1801-1900)$1http://www.wikidata.org/entity/Q6955$920935
=650  \0$aPiano$1http://www.wikidata.org/entity/Q5994$92127
=650  \0$aPianist$1http://www.wikidata.org/entity/Q486748$92959
=650  \0$aHistorically informed performance$1http://www.wikidata.org/entity/Q1344860$920980
=942  \\$cBOO
=952  \\$00$10$2ddc$40$6INS_3_000000000000000_3D$70$8INS$921174$aORPH$bORPH$cKTS0$d2022-01-10$g28.80$l1$m2$oINS3.3d$p20131572$q2022-07-10$r2022-01-13 00:00:00$s2022-01-13$w2022-01-13$yBOO
=999  \\$d20623

