=LDR  01076nam a22002297a 4500
=001  20624
=005  20250925143307.0
=008  220113s2020\\\\\\\|||||\||||\00|\0deng\d
=041  \\$aeng
=100  \\$4aut$aLockwood, Lewis$d1930-$1http://www.wikidata.org/entity/Q1822119$916223
=245  \\$aBeethoven's Lives:$bThe Biographical Tradition
=260  \\$aWoodbridge$bBoydell$c2020
=300  \\$axxii-209 pages
=600  \0$aBeethoven, Ludwig van$d1770-1827$1http://www.wikidata.org/entity/Q255$95335
=648  \0$a19th Century (1801-1900)$1http://www.wikidata.org/entity/Q6955$920935
=648  \0$a20th Century (1901-2000)$1http://www.wikidata.org/entity/Q6927$920936
=650  \0$aComposer$1http://www.wikidata.org/entity/Q36834$93625
=650  \0$aBiography$1http://www.wikidata.org/entity/Q36279$91927
=650  \0$aLegacy$1http://www.wikidata.org/entity/Q623282$922131
=942  \\$cBOO
=952  \\$00$10$2ddc$40$6BIO_BEET_E$70$8BIO$921175$aORPH$bORPH$cKTS1_P$d2022-01-10$g13.68$l1$m3$oBIO BEET e$p20131575$q2023-01-05$r2022-01-13 00:00:00$s2022-01-13$w2022-01-13$yBOO
=999  \\$d20624

