=LDR  02809nam a22002297a 4500
=001  20625
=008  220113s2021\\\\||||||||\||||\00|\0\eng\d
=041  \\$aeng
=100  \\$4aut$aHarper-Scott, J. P. E.$918121
=245  \\$aThe Event of Music History
=260  \\$aWoodbridge$bBoydell$c2021
=300  \\$axiv-247 pages
=505  \\$gIntroduction -- Music history since the fall of the Berlin Wall -- What is a subject of music history? -- The absolute nothingness of music history -- Beethoven and the heroic Thing -- Beethoven's emergency brake -- Glimpsing Beethoven's truth content through analysis -- On a chord in the 'Kreutzer' Sonata -- Afterword: Beethoven's faithful, reactive, and obscure music -- Bibliography -- Index
=520  \\$aThis book presents a new theory of how to write music history, and offers an exemplar of this new theory in action, in a series of four chapter-length reflexions on Beethoven's heroic style. The first book-length theory of music history since Carl Dahlhaus's Foundations of Music History, it brings musicology to the cutting edge of debates in the postmodern philosophy of history.

While the book engages with current thinking, it also goes further than the postmodern critique of history writing to find a new and positive basis for the writing of music history. In so doing the book revisits the philosophy of Alain Badiou: in place of a focus on the facts, the objects of history, whose problematic relation to history writing the theorists have demonstrated, the book proposes a focus instead on the subjects of history, the 'faithful', 'reactive, and 'obscure' responses to an 'Event' (a kind of rapture of ontology which brings the actors involved closer to a truth). It sees musical materials (the styles, techniques, and musical 'language' handed down to composers by history) in a dialectical relationship with the human beings who are music's manifold historical actors.

Engagingly written, this new short theory of music history will be essential reading for scholars and students of the many area studies within music history. It will also attract those of neighbouring disciplines dealing with the philosophy of history or the history of historiography.
=600  \0$aBeethoven, Ludwig van$d1770-1827$1http://www.wikidata.org/entity/Q255$95335
=648  \0$a21st Century (2001-2100)$1http://www.wikidata.org/entity/Q6939$920812
=650  \0$aHistoriography$1http://www.wikidata.org/entity/Q50675$921801
=650  \0$aMusic history$1http://www.wikidata.org/entity/Q846047$921373
=650  \0$aPostmodernism$1http://www.wikidata.org/entity/Q47783$923399
=942  \\$cBOO
=952  \\$00$10$2ddc$40$6GHM_8_000000000000000$70$8GHM$921176$aORPH$bORPH$cKM12_1$d2022-01-10$g12.96$l1$m3$oGHM8$p20131574$r2025-06-25 12:50:17$s2022-01-13$w2022-01-13$yBOO
=999  \\$d20625

