=LDR  02684cam a2200289 i 4500
=001  20626
=005  20250821130545.0
=008  201214s2021\\\\nyuag\\\\b\\\\001\0\eng\\
=020  \\$a9781648250187$q(hardback)
=040  \\$aOI
=041  \\$aeng
=100  \\$aDokter, Julia$4aut$910554
=245  10$aTempo and Tactus in the German Baroque:$bTreatises, Scores, and the Performance of Organ Music
=264  \1$aRochester, NY$bUniversity of Rochester Press$c2021
=300  \\$axxi-523 pages$billustrations, music$c24 cm
=490  0\$aEastman Studies in Music$v178
=504  \\$aIncludes bibliographical references and index.
=520  \\$a"Before the advent of the metronome ca. 1800, there was little in the way of a standardized, commonly accessible method for precisely communicating how fast musical compositions should be performed. Instead of absolute time (e.g., plottable on a metronome), Baroque musicians developed notational cues for relative speed: this was accomplished primarily through combinations of time signatures and note values. Julia Dokter's Tempo and Tactus in the German Baroque helps decode these tempo cues for modern performers. Part 1 investigates metric theory in music treatises from roughly 1600 to 1790. Parts 2 and 3 explore the organ scores of pivotal composers such as J.S. Bach, Buxtehude, Weckman, and Bruhns, and present case studies demonstrating how Baroque tempo indications may interact in performance situations. Readers will discover how Baroque musicians modified the Renaissance mensural system to incorporate tempo shifts; how the various duple, triple, and compound meters interrelated; how the technical display of stylus phantasticus writing affected tempo; how tempo words (e.g. allegro) functioned; and how the choice of performing forces (e.g., chorus, solo keyboard, etc.) could affect the way tempo was notated. Dokter's book will become a basic resource for performers of Baroque music, not only for organ and keyboard solo repertoire, but also for other instruments and ensembles"--
=648  \0$a17th Century (1601-1700)$1http://www.wikidata.org/entity/Q7016$920923
=648  \0$a18th Century (1701-1800)$1http://www.wikidata.org/entity/Q7015$920899
=650  \0$aTempo$1http://www.wikidata.org/entity/Q189214$92723
=650  \0$aBeat$1http://www.wikidata.org/entity/Q654693$923452
=650  \0$aOrgan music$1http://www.wikidata.org/entity/Q2003283$91951
=651  \0$aGermany$1http://www.wikidata.org/entity/Q183$9155
=942  \\$cBOO
=952  \\$00$10$2ddc$40$6TOP_DE_5_000000000000000$70$8TOP$921177$aORPH$bORPH$cKTS0$d2022-01-10$g79.20$l2$oTOP DE 5$p20131573$r2022-08-30 00:00:00$s2022-02-03$w2022-01-13$yBOO
=999  \\$d20626

