=LDR  00982cam a2200229 i 4500
=001  20627
=005  20250120120055.0
=008  191122s2020\\\\enkag\\\\bk\\\001\0\eng\d
=020  \\$a9781783275274$qhardback
=040  \\$aOI
=041  \\$aeng
=100  \\$aMilsom, David$d-1974$4aut$923456
=245  10$aRomantic Violin Performing Practices:$bA Handbook
=260  \\$aWoodbridge$bBoydell$c2020
=300  \\$ax-319 pages$billustrations, music$c24 cm
=504  \\$aIncludes bibliographical references, discography and index.
=648  \0$a19th Century (1801-1900)$1http://www.wikidata.org/entity/Q6955$920935
=650  \0$aViolin$1http://www.wikidata.org/entity/Q8355$92783
=650  \0$aHistorically informed performance$1http://www.wikidata.org/entity/Q1344860$920980
=942  \\$cBOO
=952  \\$00$10$2ddc$40$6INS_4_000000000000000_1D$70$8INS$921178$aORPH$bORPH$cKTS0$d2022-01-10$g46.80$l1$m2$oINS4.1d$p20131576$q2022-07-10$r2022-01-13 00:00:00$s2022-01-13$w2022-01-13$yBOO
=999  \\$d20627

