=LDR  02096cam a2200277 i 4500
=001  20628
=005  20250120120214.0
=008  200213s2020\\\\nyu\\\\\\b\\\\001\0\eng\\
=020  \\$a9781580469951$qhardback
=040  \\$aOI
=041  \\$aeng
=100  \\$aNowacki, Edward$4aut$923457
=245  10$aGreek and Latin Music Theory:$bPrinciples and Challenges
=260  \\$aRochester, NY$bUniversity of Rochester Press$c2020
=300  \\$aviii-225 pages$c24 cm
=490  1\$aEastman Studies in Music$v171
=504  \\$aIncludes bibliographical references (pages 213-217) and index.
=505  0\$aPart I. The Ancient Greek Tradition in Practice and Theory. The Ancient Harmoniai ; The Tonoi ; Alypian Notation -- Part II. Mathematical Foundations. Pythagorean Harmonic Ratios from the Octave to the Comma by Continuous Subtraction ; Boethius's Error in the De institutione musica 4.6 ; Aristoxenus's Proof That the Perfect Fourth Is the Sum of Two Tones and a Semitone ; Aristoxenus's Anticipation of the Logarithmic Logic of Musical Cognition ; The Three Mathematical Means in the Theories of Euclid, Boethius, Glarean, and Zarlino ; Guido and the Monochord -- Part III. Emerging Theories of the Ecclesiastical Modes. Transposition and the Doctrine of Modal Affinity ; The Misunderstood Confinalis ; Reading the First Quidam of the Alia musica ; The Prologus in tonarium of Bern of Reichenau : A Translation ; Reading Hermannus ; Idealist and Empirical Perspectives in Theories of the Ecclesiastical Modes.
=648  \0$aClassical Antiquity (8th Century BC-6th Century AD)$1http://www.wikidata.org/entity/Q486761$921435
=650  \0$aMusic theory$1http://www.wikidata.org/entity/Q193544$92662
=650  \0$aLatin$1http://www.wikidata.org/entity/Q397$93992
=650  \0$aGreek$1http://www.wikidata.org/entity/Q9129$93363
=651  \0$aGreece$1http://www.wikidata.org/entity/Q41$921778
=942  \\$cBOO
=952  \\$00$10$2ddc$40$6MTP_1_000000000000000_NOWA$70$8MTP$921179$aORPH$bORPH$cKM12_1$d2022-01-10$g57.60$l1$m3$oMTP1 NOWA$p20131577$r2025-06-25 12:50:22$s2022-01-13$w2022-01-13$yBOO
=999  \\$d20628

