=LDR  03587cam a2200349 i 4500
=001  20629
=005  20250708140057.0
=008  201214s2021\\\\nyua\\\\\b\\\\001\0\eng\\
=020  \\$a9781648250163$q(hardback)
=040  \\$aOI
=041  \\$aeng
=100  \\$aWeber, William$d1940-$4aut$917636
=245  10$aCanonic Repertories and the French Musical Press:$bLully to Wagner
=260  \\$aRochester, NY$bUniversity of Rochester Press$c2021
=300  \\$ax-317 pages$billustrations (black and white)$c24 cm
=490  0\$aEastman Studies in Music$v177
=504  \\$aIncludes bibliographical references and index.
=505  0\$aThe Domestic versus the Foreign in Eighteenth-century Paris and London -- Elements of canon Formation at the Concert Spirituel / Beverly Wilcox -- To Praise or to criticize? The evolution of music criticism in eighteenth-century France -- Haydn in the press during the 1780s : How did a Canon Arise? -- Parallel canons at the Opéra and the Comédie-Française at the end of the Ancien Régime -- Negotiating repertory, public demand, and les progrès de la musique at the Paris Opéra, 1815-1830 -- Tracing the evolution of le vieux répertoire at the Opéra-Comique in the nineteenth century -- Richard Wagner, concert life, and musical canon in Paris, 1860-1914.
=520  \\$a"This long-awaited book by a leading historian of European music life offers a fresh reading of concert and operatic life by showing how certain musical works in eighteenth- and nineteenth-century France came to be considered "canonic": that is, admirable and worthy of being taken as models. In a series of interlinked essays, William Weber draws particular attention to the ways in which such reputations could shift in different eras and circumstances. The first chapter outlines how such a surge of reputation came about for Jean-Baptiste Lully after his death in 1687, followed a century later by one for the operas of Christoph-Willibald Gluck and Niccolò Piccinni. Next, Beverly Wilcox contributes a crucial chapter exploring how a canon of sacred works evolved at the Concert Spirituel between 1725 and 1790. Subsequent chapters detail the rise of an "incipient canon" for Joseph Haydn's music in the 1780s; a new operatic canon centered on works of Gioachino Rossini and Giacomo Meyerbeer; a century-long canonic repertory at the theater of the Opéra-Comique; and, between 1860 and 1914, frequent concert performances of excerpts from Wagner's operas, sometimes along with excerpts from Meyerbeer's. Throughout, Weber and Wilcox demonstrate how the French musical press reflected musical taste, and also shaped it, across two centuries"--
=648  \0$a17th Century (1601-1700)$1http://www.wikidata.org/entity/Q7016$920923
=648  \0$a18th Century (1701-1800)$1http://www.wikidata.org/entity/Q7015$920899
=648  \0$a19th Century (1801-1900)$1http://www.wikidata.org/entity/Q6955$920935
=650  \0$aMusic criticism$1http://www.wikidata.org/entity/Q11748889$921598
=650  \0$aPeriodical$1http://www.wikidata.org/entity/Q1002697$921106
=650  \0$aOpera$1http://www.wikidata.org/entity/Q1344$92468
=650  \0$aConcert$1http://www.wikidata.org/entity/Q182832$921044
=650  \0$aTaste$1http://www.wikidata.org/entity/Q1143012$922848
=651  \0$aFrance$1http://www.wikidata.org/entity/Q142$9131
=700  \\$aWilcox, Beverly$4aut$923458
=942  \\$cBOO
=952  \\$00$10$2ddc$40$6TOP_FR_5_000000000000000$70$8TOP$921180$aORPH$bORPH$cKTS0$d2022-01-10$g57.60$l1$m3$oTOP FR 5$p20131578$r2025-06-25 10:01:43$s2022-01-13$w2022-01-13$yBOO
=999  \\$d20629

