=LDR  02626cam a2200313 i 4500
=001  20630
=005  20250925143307.0
=008  201010t20202020gw\\\\\\\b\\\\001\0\ger\c
=020  \\$a9783515126687$q(hardback)
=024  3\$a9783515126687
=040  \\$aOI
=041  \\$aeng
=100  \\$aGlaser, Thomas$d-1981$4aut$923459
=245  14$aDer Interpret als Double:$bRené Leibowitz im Kontext der Aufführungslehre der Wiener Schule
=260  \\$aStuttgart$bSteiner$c2020
=300  \\$a475 pages$c25 cm
=490  \\$aBeihefte zum Archiv für Musikwissenschaft$vLXXXIII
=500  \\$aOriginally the author's thesis (doctoral)--Universität für Musik und darstellende Kunst Wien, 2017.
=504  \\$aIncludes bibliographical references (pages 420-470) and index.
=520  8\$aAls Dirigent kritisierte René Leibowitz (1913-1972) in vielfältiger Weise die aus seiner Sicht korrumpierte Interpretations- und Orchesterpraxis seiner Zeit. Eine Konstante stellte das Bemühen dar, Beethovens sinfonischen Werken zu zeitgenössischen Interpretationen eigenen ästhetischen Rechts zu verhelfen. Leibowitz zielte mittels einer "lecture radicale" auf ein Erschließen des Werkcharakters in historischer Perspektive und nicht auf eine Rekonstruktion früherer Aufführungsbedingungen. Auf Grundlage vorhandener Tonaufnahmen, eingerichteter Dirigierpartituren und nachgelassener Orchestermaterialien arbeitet Thomas Glaser Details der Beethoven-Deutungen von Leibowitz und dessen Versuche um 'werkgerechte' Interpretationen heraus. Der Fokus auf Beethoven ist bei Leibowitz vor dem Hintergrund seines durch die musikalische Moderne des 20. Jahrhunderts geprägten Musikdenkens zu lesen. So machte die Kontextualisierung mit ästhetischen Positionen seiner Zeitgenossinnen und Zeitgenossen deutlich, dass Leibowitz' Interpretationsverständnis nachhaltig von der Aufführungslehre der Wiener Schule um Arnold Schönberg geprägt wurde.
=600  \0$aLeibowitz, René$d1913-1972$1http://www.wikidata.org/entity/Q966373$916598
=600  \0$aBeethoven, Ludwig van$d1770-1827$1http://www.wikidata.org/entity/Q255$95335
=600  \0$aSchoenberg, Arnold$d1874-1951$1http://www.wikidata.org/entity/Q154770$915986
=648  \0$a20th Century (1901-2000)$1http://www.wikidata.org/entity/Q6927$920936
=650  \0$aConducting$1http://www.wikidata.org/entity/Q6989196$92392
=651  \0$aFrance$1http://www.wikidata.org/entity/Q142$9131
=942  \\$cBOO
=952  \\$00$10$2ddc$40$6BIO_LEIB_E$70$8BIO$921181$aORPH$bORPH$cKTS1_P$d2022-01-12$g75.29$l1$oBIO LEIB e$p20131580$q2022-07-10$r2022-01-13 00:00:00$s2022-01-13$w2022-01-13$yBOO
=999  \\$d20630

