=LDR  02271ncm a22004097a 4500
=001  20631
=008  220114q1855\\\\\\\||k||\||||\00|\0\fre\d
=024  \\$2Richault$a11607
=041  \\$afre$ager$dfre$dger
=059  \\$aMS T 2B pf
=100  \\$4cmp$4lbt$aBerlioz, Hector$d1803-1869$1http://www.wikidata.org/entity/Q1151$99542
=245  \\$aLa Damnation de Faust.$bLégende dramatique en quatre parties
=246  \1$aop. 24
=260  \\$aParis$bRichault$cs.d. [ca.1855?]
=300  \\$a[xxxviii]-390 pages$bbound in paper, illustrated cover and title page in black and red ink
=500  \\$aContains stamp of Maison Simon Richault, Paris
=500  \\$acontains portrait of composer
=500  \\$aFirst performance 1846, Paris, Opéra Comique
=500  \\$aHandwritten dedication: "À Mademoiselle Warnots | Respectueux hommage de l'éditeur | Richault | Bruxelles le 24 avril 1879"
=500  \\$aPlate 11,607.R. 
=504  \\$ahttps://en.wikipedia.org/wiki/La_damnation_de_Faust
=534  \\$aComposed 1845-46
=561  \\$aEx libris Mademoiselle Warnots (manuscript)
=590  \\$aPartition chant et piano avec texte français et allemand. Nouvelle édition ornée d'un portrait de l'auteur. Prix Net: 20 Francs
=600  \0$aFaust$1http://www.wikidata.org/entity/Q332885$922646
=648  \0$a19th Century (1801-1900)$1http://www.wikidata.org/entity/Q6955$920935
=650  \0$aOpera$1http://www.wikidata.org/entity/Q1344$92468
=651  \0$aParis (France)$1http://www.wikidata.org/entity/Q90$9160
=700  \\$4dte$aLiszt, Franz$d1811-1886$1http://www.wikidata.org/entity/Q41309$917400
=700  \\$aGoethe, Johann Wolfgang von$d1749-1832$1http://www.wikidata.org/entity/Q5879$4aut$911175
=700  \\$aGandonnière, Almire $d1814-1863$1http://www.wikidata.org/entity/Q2839127$4lbt$927363
=700  \\$aMinslaff, M.$4trl$927364
=700  \\$aNerval, Gérard de$d1808-1855$1http://www.wikidata.org/entity/Q191305$4lbt$927362
=856  \\$uhttps://imslp.org/wiki/La_damnation_de_Faust,_H_111_(Berlioz,_Hector)$3International Music Score Library Project
=942  \\$cSCO
=952  \\$00$10$2ddc$40$6KTS_1_000000000000000_H_04_034$70$8RAR$921185$aORPH$bORPH$cKTS1_H$d2022-01-14$oKTS1 H.04.034$p20138253$r2022-01-14 00:00:00$w2022-01-14$ySCO
=999  \\$d20631

