=LDR  00970ccm a2200217u  4500
=001  20646
=005  20250925143307.0
=008  840621s1971\\\\enkag\\\\\\\\\000\0\mul\\
=041  \\$ager$aeng$afre
=100  \\$aKagel, Mauricio$d1931-2008$4cmp$1http://www.wikidata.org/entity/Q178293$916378
=245  10$aPrima vista, für Diapositivbilder und unbestimmte Schallquellen
=260  \\$aLondon$bUniversal$c1971
=300  \\$a18-[54] pages
=500  \\$aComposed around 1962-64
=648  \0$a20th Century (1901-2000)$1http://www.wikidata.org/entity/Q6927$920936
=650  \0$aAleatory music$1http://www.wikidata.org/entity/Q623715$923541
=650  \0$aElectronic music$1http://www.wikidata.org/entity/Q9778$922014
=650  \0$aMusique concrète$1http://www.wikidata.org/entity/Q823560$923542
=942  \\$cSCO
=952  \\$00$10$2ddc$40$6SCO_S_KAGE$70$8SCO$921223$aORPH$bORPH$cKTS1_H$d2022-01-17$l1$oSCO S KAGE$p20138274$r2025-07-07 16:46:52$s2022-01-25$w2022-01-24$ySCO
=999  \\$d20646

