=LDR  02010njm a22003737a 4500
=001  20647
=005  20250925143307.0
=008  220124s1998\\\\||||||||\||||\00|\0\ger\d
=024  \\$2EAN$a4011563808756 
=041  \\$ager
=100  \\$4prf$aOesterreich, Helmut$917381
=245  \\$aFoxfire:$bNeue Musik für Gitarre(n) und Stimme
=260  \\$aBietigheim-Bissingen$bCadenza$c1998
=300  \\$aCD, 01:03:59
=500  \\$aMusic recorded in 1997
=505  \\$g1. Foxfire 1 - Natriumpentothal (1993) (7:27)
2. Parabeln (1976)
6. Polymonodia (Für Gitarre Und Tonband) (1990) (13:02)
7. Sonnet (Für 2 Gitarren Und Stimme) (1990) (12:17)
8. Salut Für Caudwell (Für Zwei Gitarren) (1977) (25:07) 
=648  \0$a20th Century (1901-2000)$1http://www.wikidata.org/entity/Q6927$920936
=650  \0$aChamber music$1http://www.wikidata.org/entity/Q189201$92105
=650  \0$aGuitar$1http://www.wikidata.org/entity/Q6607$921152
=650  \0$aSinger$1http://www.wikidata.org/entity/Q177220$93915
=651  \0$aGermany$1http://www.wikidata.org/entity/Q183$9155
=700  \\$4cmp$aOehring, Helmut$1http://www.wikidata.org/entity/Q320587$923543
=700  \\$4cmp$aHoch, Peter$d-1937$1http://www.wikidata.org/entity/Q2075734$923544
=700  \\$4cmp$aRoumiantsev, Andrej$d-1944$923545
=700  \\$4cmp$aHölszky, Adriana$1http://www.wikidata.org/entity/Q273800$923546
=700  \\$4cmp$aLachenmann, Helmut$d1935-$1http://www.wikidata.org/entity/Q549442$916974
=700  \\$4prf$aBittermann, Thomas$917382
=700  \\$4prf$aBrandt, Christopher$917383
=700  \\$4prf$aHoffmann, Robin$917384
=700  \\$4prf$aValentin-Lebherz, Eva$917385
=942  \\$cREC
=952  \\$00$10$2ddc$40$6REC_CD_OEST_1998_000000000000000$70$8REC$921224$aORPH$bORPH$cKM12_2_B$d2022-01-24$l1$oREC CD OEST 1998$p20138275$q2022-07-22$r2022-01-25 00:00:00$s2022-01-25$w2022-01-24$yREC
=952  \\$00$10$2ddc$40$70$8REC$921226$aORPH$bORPH$cKM12_2_B$d2020-12-01$l0$p20115099$r2022-01-24 00:00:00$v21.00$w2022-01-24$yREC
=999  \\$d20647

