=LDR  01082cam a2200229 i 4500
=001  20651
=008  150106t2015\\\\\\\o\\\\\\\\\\000\0deng\\
=020  \\$a9781138779938
=041  \\$aeng
=245  10$aClowns:$bin Conversation with Modern Masters
=250  \\$a1st Ed.
=260  \\$aLondon$aNew York$bRoutledge$c2015
=300  \\$aix-206 pages
=336  \\$aprinted
=500  \\$aIncludes index.
=505  0\$aOrigins -- The Clowns:  Nola Rae -- Aziz Gual -- Larry Pisoni & Lorenzo Pisoni -- Micha Usov -- Slava Polunin -- Avner Eisenberg -- Rene Bazinet -- Barry Lubin -- Jango Edwards -- Peter Shub -- David Konyot -- Dimitri -- David Larible -- Oleg Popov -- Bello Nock -- Angela de Castro -- Geoff Hoyle -- Bill Irwin & David Shiner -- Reflections -- David & Ezra in Conversation with Phil Burgers.
=650  \0$aClowns
=700  \\$aLeBank, Ezra$4aut$923551
=700  \\$aBridel, David$4aut$923552
=942  \\$cBOO
=952  \\$00$10$2ddc$40$6HUM_LEBA$70$921230$aORPH$bORPH$d2022-01-13$l1$oHUM LEBA$p20138280$q2022-07-22$r2022-01-25 00:00:00$s2022-01-25$w2022-01-24$yBOO
=999  \\$d20651

