=LDR  01168nam a22002177a 4500
=001  20657
=008  220126s1985\\\\|||a||||\||||\00|\0\dut\d
=041  \\$adut
=100  \\$4edt$aBeusekom, Ansje van$923572
=245  \\$aKunstlicht$nno. 17$pMuziek & kunst
=260  \\$aAmsterdam$bVrije Universiteit, vakgroep kunstgeschiedenis$c1985
=300  \\$a24 pages
=505  \\$gSynesthesie / Gerhard Jan Nauta -- Muziekinstrumenten in de beeldende kunst / Ton Koopman -- Twee tekeningen / Michael Jacklin -- De wijze bouwmeester / Coert Peter Krabbe -- Duchamp, Dada Composer / Leigh Landy & Christiane ten Hoopen
=600  \0$aDuchamp, Marcel$d1887-1968$1http://www.wikidata.org/entity/Q5912$922512
=650  \0$aFine art$1http://www.wikidata.org/entity/Q219625$921579
=650  \0$aIconography$1http://www.wikidata.org/entity/Q208145$921259
=650  \0$aOrganology$1http://www.wikidata.org/entity/Q899293$921400
=700  \\$4ctb$aKoopman, Ton$d1944-$1http://www.wikidata.org/entity/Q445121$910491
=942  \\$cBOO
=952  \\$00$10$2ddc$40$6VIS_KOOP$70$8VIS$921236$aORPH$bORPH$cKTS1_H$d2021-10-25$eKoopman$l0$oVIS KOOP$p20137418$r2022-01-26 00:00:00$w2022-01-26$yBOO
=999  \\$d20657

