=LDR  01142nam a22002177a 4500
=001  20658
=008  220126s1999\\\\|||a||||\||||\00|\0\mul\d
=041  \\$afre$aeng$aita
=100  \\$aLebet, Claude$d1956-$1http://www.wikidata.org/entity/Q15976348$4col$923575
=245  \\$aExposition de pochettes.$bAnciens violons des maîtres à danses. Collection privée de Claude Lebet
=246  \1$aA Kit Exhibition.$bOld Dance Masters' Fiddles. The Claude Lebet Private Collection
=246  \1$aMostra di «pochettes».$bAntichi violini dei maestri di ballo. Collezione privata di Claude Lebet
=260  \\$aLa-Chaux-de-Fonds$c1999
=300  \\$a18 pages
=648  \0$a17th Century (1601-1700)$1http://www.wikidata.org/entity/Q7016$920923
=648  \0$a18th Century (1701-1800)$1http://www.wikidata.org/entity/Q7015$920899
=650  \0$aPochette$1http://www.wikidata.org/entity/Q1094813$922922
=651  \0$aFrance$1http://www.wikidata.org/entity/Q142$9131
=942  \\$cBOO
=952  \\$00$10$2ddc$40$6INS_4_000000000000000_9A$70$8INS$921237$aORPH$bORPH$cKTS0$d2021-10-25$eKoopman$i29F54$l0$oINS4.9a$p20137419$r2022-01-26 00:00:00$w2022-01-26$yBOO
=999  \\$d20658

