=LDR  01127    a2200241   4500
=001  20659
=008  220126s1982\\\\|||c||||\||||\00|\0dger\d
=020  \\$a3406084508
=041  \\$ager
=100  \\$aSalmen, Walter$d1926-2013$4aut$1http://www.wikidata.org/entity/Q15454344$913760
=245  \\$aMusiker im Porträt$nBand 1$pVon der Spätantike bis 1600
=260  \\$aMunich$bBeck$c1982
=300  \\$a200 pages
=490  \\$aBeck'sche Schwarze Reihe$v250
=648  \0$aClassical Antiquity (8th Century BC-6th Century AD)$1http://www.wikidata.org/entity/Q486761$921435
=648  \0$aMiddle Ages (500-1400)$1http://www.wikidata.org/entity/Q12554$920964
=648  \0$aRenaissance (1400-1600)$1http://www.wikidata.org/entity/Q4692$920965
=650  \0$aComposer$1http://www.wikidata.org/entity/Q36834$93625
=650  \0$aFine art$1http://www.wikidata.org/entity/Q219625$921579
=650  \0$aPortrait$1http://www.wikidata.org/entity/Q134307$92622
=942  \\$cBOO
=952  \\$00$10$2ddc$40$6VIS_SALM$70$8VIS$921238$aORPH$bORPH$cKTS1_H$d2021-10-25$eKoopman$i22F11_01$l0$oVIS SALM$p20137420$r2022-01-26 00:00:00$w2022-01-26$yBOO
=999  \\$d20659

