=LDR  01088ncc a22002537a 4500
=001  20685
=008  220209b\\\\\\\\|||g|k||\||||\00|\h\dut\d
=041  \\$adut
=059  \\$av
=245  \\$aVerzameling van leerzame en vermakelijke zangstukjes
=260  \\$bDe maatschappij: Tot nut van't algemeen$c1854
=300  \\$a16 pages
=336  \\$aprinted
=500  \\$aIn a boxed collection of pamphlets, songs, poems and others about mariage, eating, drinking, humor, anecdotes, etc. 
=500  \\$aPart v of an Almanac of 1856 (see also H1-021g and i) 
=590  \\$aTot nut van't algemeen
=648  \0$a19th Century (1801-1900)$1http://www.wikidata.org/entity/Q6955$920935
=650  \0$aSong$1http://www.wikidata.org/entity/Q7366$94164
=650  \0$aEducation$926206
=651  \0$aNetherlands$1http://www.wikidata.org/entity/Q55$9173
=773  \\$04267$tCollection of pamphlets$w4267
=942  \\$cEPH
=952  \\$00$10$2ddc$40$6KTS_1_000000000000000_C2_03_H1021L$70$8RAR$921276$aORPH$bORPH$cKTS1_C2$d2022-02-09$eKoopman$l0$oKTS1 C2.03 H1-021l$r2022-02-09 00:00:00$w2022-02-09$yEPH
=999  \\$d20685

