=LDR  00791nac a22001817a 4500
=001  20693
=008  220209b\\\\\\\\||||||||\||||\00|\j\dut\d
=041  \\$adut
=245  \\$aInternationale tentoonstelling en Allerlei
=300  \\$a16 pages
=336  \\$aprinted
=500  \\$a In a boxed collection of pamphlets, songs, poems and others about mariage, eating, drinking, humor, anecdotes, etc. 
=648  \0$a19th Century (1801-1900)$1http://www.wikidata.org/entity/Q6955$920935
=651  \0$aNetherlands$1http://www.wikidata.org/entity/Q55$9173
=773  \\$04267$tCollection of pamphlets$w4267
=942  \\$cEPH
=952  \\$00$10$2ddc$40$6KTS_1_000000000000000_C2_03_H1021U$70$8RAR$921284$aORPH$bORPH$cKTS1_C2$d2022-02-09$eKoopman$l0$oKTS1 C2.03 H1-021u$r2022-02-09 00:00:00$w2022-02-09$yEPH
=999  \\$d20693

