=LDR  00624nac a22001577a 4500
=001  20695
=008  220209b\\\\\\\\||||||||\||||\00|\0\dut\d
=041  \\$adut
=245  \\$aVan New York naar San Fransisco
=300  \\$a16 pages
=336  \\$aprinted
=500  \\$aIn a boxed collection of pamphlets, songs, poems and others about mariage, eating, drinking, humor, anecdotes, etc. 
=773  \\$04267$tCollection of pamphlets$w4267
=942  \\$cEPH
=952  \\$00$10$2ddc$40$6KTS_1_000000000000000_C2_03_H1021Y$70$8RAR$921288$aORPH$bORPH$cKTS1_C2$d2022-02-09$eKoopman$l0$oKTS1 C2.03 H1-021y$r2022-02-09 00:00:00$w2022-02-09$yEPH
=999  \\$d20695

