=LDR  01649njm a22003137a 4500
=001  20696
=005  20250925143307.0
=008  220214q1966\\\\||||||||\||||\00|\0\mul\d
=024  \\$2Centro Argentino por la Libertad de la Cultura$aLP n° 500
=041  \\$aspa$afre
=059  \\$apf
=100  \\$4prf$aZulueta, Jorge$ePiano$923681
=245  \\$aMúsica argentina contemporánea
=260  \\$aBuenos Aires$bCentro Argentino por la Libertad de la Cultura$c1966 [?]
=300  \\$aLP, mono$b12"$egatefold sleeve, separate record cover
=500  \\$aRecorded in 1964, Buenos Aires
=505  \\$gNúcleos I-V / Juan Carlos Paz -- Música 1958 / Francisco Kröpfl -- Metapièce (Mimetics) / Mauricio Kagel
=561  \\$aHandwritten dedications by Jacobo Romano and Jorge Zulueta, 21 November 1966
=648  \0$a20th Century (1901-2000)$1http://www.wikidata.org/entity/Q6927$920936
=650  \0$aKeyboard music$1http://www.wikidata.org/entity/Q105715630$921412
=650  \0$aPiano$1http://www.wikidata.org/entity/Q5994$92127
=651  \0$aArgentina$1http://www.wikidata.org/entity/Q414$922372
=700  \\$4cmp$aPaz, Juan Carlos$d1901-1972$1http://www.wikidata.org/entity/Q321524$923682
=700  \\$4cmp$aKröpfl, Francisco$d1931-2021$1http://www.wikidata.org/entity/Q1442068$923683
=700  \\$4cmp$aKagel, Mauricio$d1931-2008$1http://www.wikidata.org/entity/Q178293$916378
=700  \\$4wam$aRomano, Jacobo$923684
=942  \\$cREC
=952  \\$00$10$2ddc$40$6REC_12_000000000000000_ZULU_1966$70$8REC$921290$aORPH$bORPH$cKM12_2_B$d2022-02-14$l1$oREC 12 ZULU 1966$p20131594$q2022-08-11$r2022-02-14 00:00:00$s2022-02-14$w2022-02-14$yREC
=999  \\$d20696

