=LDR  02604cam a2200265 i 4500
=001  20703
=005  20251001162314.0
=008  200211s2020\\\\enka\\\\\bk\\\001\0deng\d
=020  \\$a9781783274987
=041  \\$aeng
=100  \\$aAnderson, Julian$d-1967$4ive$1http://www.wikidata.org/entity/Q2746982$923689
=245  10$aJulian Anderson:$bDialogues on Listening, Composing and Culture
=260  \\$aWoodbridge$bBoydell$c2020
=300  \\$axi-458 pages$billustrations
=336  \\$aprinted
=504  \\$aIncludes bibliographical references, discography and index.
=520  8\$aJulian Anderson is renowned internationally as one of the leading composers of his generation. This substantial book of conversations with the scholar and critic Christopher Dingle captures Anderson's thoughts and memories in-depth for the first time, not only providing essential biographical information and background material, but also capturing the workings of a remarkable mind. It is rare to find a composer prepared to speak as extensively, on as broad a range of topics or as honestly as Anderson. Unlike some composers, his extraordinarily diverse musical interests range far beyond the aesthetic of his own compositions. Crucially, the conversations frequently range beyond Anderson's own works, or even beyond the sphere of music, exploring issues of broader cultural interest. Providing for insights into the practicalities and psychology of composing, of particular value are the glimpses of Anderson's thoughts on works in progress, including the period from finishing the score for his ENO opera Thebans to its first production, as well as his violin concerto and his Berlin Philharmonic commission Incantesimi. While these conversations reflect the fact that Anderson is first and foremost a composer, his extensive cultural hinterland is also apparent. Revealing much about the workings of the musical world, these conversations will not only be essential reading for composers and composition students, but also contemporary music lovers more generally.
=650  \0$aComposer$1http://www.wikidata.org/entity/Q36834$93625
=650  \0$aComposing$1http://www.wikidata.org/entity/Q92186587$93076
=650  \0$aMusic philosophy and aesthetics$1http://www.wikidata.org/entity/Q2092865$921165
=651  \0$aUnited Kingdom$1http://www.wikidata.org/entity/Q21$9273
=700  \\$aDingle, Christopher$4ivr$923690
=942  \\$cBOO
=952  \\$00$10$2ddc$40$6BIO_ANDE_B$70$8BIO$921298$aORPH$bORPH$cKTS1_P$d2022-02-14$l1$m2$oBIO ANDE b$p20138374$q2022-08-14$r2022-02-17 00:00:00$s2022-02-17$w2022-02-14$yBOO
=999  \\$d20703

