=LDR  01864nam a22002417a 4500
=001  20704
=008  220214s2020\\\\|||go|||\||||\00|\0deng\d
=041  \\$aeng
=100  \\$4edt$aNovember, Nancy$923692
=245  \\$aThe Cambridge Companion to the Eroica Symphony
=260  \\$aCambridge$bCambridge University Press$c2020
=300  \\$axxii-269 pages
=336  \\$aprinted
=490  \\$aCambridge Companions to Music
=520  \\$aThis Companion provides orientation for those embarking on the study of Beethoven's much-discussed Eroica Symphony, as well as providing fresh insights that will appeal to scholars, performers and listeners more generally. The book addresses the symphony in three thematic sections, on genesis, analysis and reception history, and covers key topics including political context, dedication, sources of the Symphony's inspiration, 'heroism' and the idea of a 'watershed' work. Critical studies of writings and analyses from Beethoven's day to ours are included, as well as a range of other relevant responses to the work, including compositions, recordings, images and film. The Companion draws on previous literature but also illuminates the work from new angles, based on new evidence and a range of approaches by twelve leading scholars in Beethoven research.
=600  \0$aBeethoven, Ludwig van$d1770-1827$1http://www.wikidata.org/entity/Q255$95335
=650  \0$aSymphony$1http://www.wikidata.org/entity/Q9734$92527
=650  \0$aMusic history$1http://www.wikidata.org/entity/Q846047$921373
=650  \0$aMusical analysis$1http://www.wikidata.org/entity/Q1544924$92775
=650  \0$aMusic criticism$1http://www.wikidata.org/entity/Q11748889$921598
=942  \\$cBOO
=952  \\$00$10$2ddc$40$6BIO_BEET_E$70$8BIO$921299$aORPH$bORPH$cKTS1_P$d2022-01-25$l1$m1$oBIO BEET e$p20138375$r2022-11-22 00:00:00$s2022-02-17$v78.66$yBOO
=999  \\$d20704

