=LDR  03401cam a22003374a 4500
=001  20719
=005  20250901113608.0
=008  980223s2020\\\\gw\a\\\\\b\\\\101\0\ger\c
=020  \\$a9783487158877
=040  \\$aOI
=041  \\$ager
=245  00$aConcertare – Concerto – Concert:$bDas Konzert bei Telemann und seinen Zeitgenossen
=260  \\$aHildesheim$aZürich$aNew York$bOlms$c2020
=300  \\$a387 pages$billustrations$c21 cm
=490  \\$aTelemann-Konferenzberichte$v21
=505  \\$gTelemann und das konzertierende Prinzip / Wolfgang Hirschmann -- Die formale Vielfalt der norditalienischen Ritornellkonzertgestaltung und ihre Rezeption in Deutschland / Wolfgang Schicker -- Konzertieren und kommunizieren. Zum Konzertschaffen von Christoph Graupner / Ursula Kramer -- Bemerkungen zu den “Six Concerts” (1718) des Prinzen Johann Ernst von Sachsen-Weimar / Brit Reipsch -- Telemanns “Musique de Table” und die Tradition der Tafelmusik / Steven Zohn -- Wirklich Telemann? Echtheitskritische Überlegungen zu drei konzertanten Blockflötenwerken / Klaus Hofmann -- Der Telemannbestand in der Fürstlich zu Bentheim-Tecklenburgischen Musikbibliothek Rheda / Kota Sato -- Das Konzert als Erfolgsmodell – Telemanns “Concerten-Jahrgang nach Erdmann Neumeister (1716/17 und 1719/20) / Maik Richter -- Das Konzertieren in Telemanns geistlichem Kantatenwerk. Gestaltungsweisen und Jahrgangsprofilierung / Nina Eichholz -- Konzertierende Bässe. Zum Phänomen der geteilten Bässe bei Telemann / Ute Poetzsch -- Das Konzert in der Publizistik der Aufklärung / Holger Böning -- Telemann und das Pariser Konzertleben / Margret Scharrer -- “Die Fürstin von Waldeck gab ein musikalisches Konzert”. Zur Kurmusik im Pyrmonter Bade 1714-1720, 1723, 1734, 1737-1739 / Rashid-S. Pegah -- Telemanns “Donner-Ode” zwischen Kirche und Konzert / Ralph-Jürgen Reipsch -- Die Leipziger Konzertszene zur Mitte des 18. Jahrhunderts / Manuel Bärwald -- “auf einen Herrn und zwo Damen”. Johann Heinrich Rolles öffentliche Konzerte in Magdeburg / Andreas Waczkat -- Verwehte Spuren. Assoziationsmerkmake frühbürgerlicher Konzertpraktiken im deutschsprachigen Raum. Mit einem Anhang: Konzertgründungen in Zeiten Georg Philipp Telemanns (1700-1767) / Martin Thrun
=590  \\$aBericht über die Internationale Wissenschaftliche Konferenz, Magdeburg, 14. und 15. März 2016, anlässlich der 23. Magdeburger Telemann-Festtage
=600  \0$aTelemann, Georg Philipp$d1681-1767$1http://www.wikidata.org/entity/Q75854$99287
=600  \0$aGraupner, Christoph$d1683-1760$1http://www.wikidata.org/entity/Q115067$99628
=600  \0$aRolle, Johann Heinrich$d1716-1785$1http://www.wikidata.org/entity/Q515784$96866
=648  \0$a18th Century (1701-1800)$1http://www.wikidata.org/entity/Q7015$920899
=650  \0$aMusic history$1http://www.wikidata.org/entity/Q846047$921373
=650  \0$aConcerto$1http://www.wikidata.org/entity/Q9748$921817
=650  \0$aConcert$1http://www.wikidata.org/entity/Q182832$921044
=651  \0$aGermany$1http://www.wikidata.org/entity/Q183$9155
=700  \\$aReipsch, Ralph-Jürgen$4edt$99447
=700  \\$aLange, Carsten$4edt$914686
=700  \\$aReipsch, Brit$4edt$910879
=942  \\$cBOO
=952  \\$00$10$2ddc$40$6BIO_TELE_E$70$8BIO$921331$aORPH$bORPH$cKTS1_P$d2022-02-23$g25.00$l0$oBIO TELE e$p20138438$r2022-02-23 00:00:00$w2022-02-23$yBOO
=999  \\$d20719

