=LDR  02665nas a22002537a 4500
=001  20737
=008  220224s2021\\\\||||||p|\||||\00|\0\fre\d
=020  \\$a9782924894224
=022  \\$a11831693
=041  \\$afre
=100  \\$4edt$aMcKinley, Maxime$d-1979$923746
=245  \\$aCircuit :$bmusique contemporaines
=260  \\$aMontreal$bUniversité de Montreal$c2021
=300  \\$a121 pages
=336  \\$aprinted
=490  \\$avol. 31$v2
=500  \\$afor more information see https://revuecircuit.ca/
=520  \\$aDe fertiles interactions peuvent opérer à l’intérieur même de différents lieux d’incubation et d’émulation, mais aussi entre ceux-ci. C’est précisément cette dynamique d’échanges et de corrélations que ce numéro explore, en procédant par quelques coups de sonde forcément partiels, mais permettant de prendre la mesure de la richesse créative de cet espace intervallique, cette zone de partages où se tissent des liens entre le Québec et la Belgique à travers les musiques de création. Par ailleurs, il existe un principe qui, idéalement, devrait aller de soi pour toute rencontre internationale: il devrait toujours s’agir d’un véritable dialogue. Appelons cela le «principe de réciprocité». C’est pourquoi ce dossier a été réalisé en collaboration avec Les Carnets du Forum, publication belge chapeautée par le Forum des Compositeurs. — Maxime McKinley

Les liens «acousmatiques» entre la Belgique et le Québec se sont ainsi développés dans un terreau fertile, d’une posture innovante, pédagogique, de réflexion critique et de complicité. Né de la relation à la fois personnelle et collégiale entre Annette Vande Gorne et Francis Dhomont, l’intérêt pour la musique sur support s’est précisé en intérêt pour une musique acousmatique privilégiant l’écoute du son et l’espace qui s’y rattache. À travers leur enseignement et leurs activités connexes, tous deux ont favorisé l’accès à une pratique nouvelle et à un répertoire encore peu connu. De là se sont formées des cohortes de jeunes créateurs «acousmates» sensibles aux exigences d’une musique en dialogue constant entre une phénoménologie de l’écoute et l’apprentissage de nouveaux outils techniques.
=590  \\$aBelgique <-> Québec : échos d'un demi-siècle d'échanges musicaux
=650  \0$aMusic history$1http://www.wikidata.org/entity/Q846047$921373
=650  \0$aMusical analysis$1http://www.wikidata.org/entity/Q1544924$92775
=942  \\$cPER
=952  \\$00$10$2ddc$40$6PER_CIR$70$8PER$921350$aORPH$bORPH$cKM12_1$d2022-02-24$l0$oPER CIR$r2022-02-24 00:00:00$w2022-02-24$yPER
=999  \\$d20737

