=LDR  01618nam a22002537a 4500
=001  20738
=008  220224s2018\\\\|||oa|||\||||\00|\0\mul\d
=020  \\$a9783957491244
=041  \\$ager$aeng
=245  \\$aIPF – Die erste Dekade:$b10 Years of Artistic Research in the Performing Arts and Film
=260  \\$aZurich$bZurich University of Arts$c2018
=300  \\$a214 pages
=336  \\$aprinted
=490  \\$asubTexte$v16
=500  \\$afor more information see: https://www.theaterderzeit.de/buch/ipf_%E2%80%93_die_erste_dekade/
=520  \\$a10 years IPF – The Institute for the Performing Arts and Film at Zurich University of the Arts with its research focus “Performative Practice” and “Film” plays a leading role in the context of the debate on research at arts universities. For a decade, the IPF has been producing, initiating and supervising research studies, events and publication formats, which establish a dialogue between scientific and artistic processes. The topics are divided into the fields of research on art, research for art and research with art. The workbook contains an account of the previous activities.
=650  \0$aTheater history$1http://www.wikidata.org/entity/Q1061140$94607
=650  \0$aArtistic research$1http://www.wikidata.org/entity/Q20827087$921804
=700  \\$4edt$aRey, Anton$918336
=700  \\$4edt$aSchmidt, Yvonne$d-1982$923747
=700  \\$4trl$aWhigham, Jennifer$923748
=942  \\$cBOO
=952  \\$00$10$2ddc$40$6MTP_3_000000000000000_REY$70$8MTP$921351$aORPH$bORPH$cKM12_1$d2022-02-24$l0$oMTP3 REY$p20138451$r2022-02-24 00:00:00$w2022-02-24$yBOO
=999  \\$d20738

