=LDR  01266nam a22002177a 4500
=001  20739
=008  220224b\\\\\\\\||||||||\||||\00|\0\###\d
=041  \\$aeng$adut
=100  \\$4aut$aRohana, Nizar$d-1975$923749
=245  \\$a‘Ūd Taqsīm as a Model of Pre-Composition
=260  \\$aLeiden$bLeiden University$c2021
=300  \\$a215 pages
=336  \\$aprinted
=490  \\$adocArtes
=500  \\$afor more information about the author and his projects see: http://www.docartes.be/nl/personen/nizar-rohana
=520  \\$aOn December 15, Nizar Rohana will defend his PhD thesis ‘Ūd Taqsīm as a Model of Pre-Composition at Leiden University.

This research discusses the creation of several finished works for solo ‘ūd. These pieces take the improvisation practice of two pillars of modern Arabic music, namely the Egyptians Muḥammad al-Qaṣabjī and Riyāḍ al-Sunbāṭī, as a reference model and as a source of inspiration.
=650  \0$aArtistic research$1http://www.wikidata.org/entity/Q20827087$921804
=650  \0$aOud$1http://www.wikidata.org/entity/Q191000$923750
=942  \\$cDIS
=952  \\$00$10$2ddc$40$6MTP_5_000000000000000_ROHA$70$8MTP$921352$aORPH$bORPH$cKM12_1$d2022-02-24$oMTP5 ROHA$p20138452$r2022-02-24 00:00:00$w2022-02-24$yDIS
=999  \\$d20739

