=LDR  01932cam a2200217 i 4500
=001  20755
=008  201024s2020\\\\gw\g\\\\\b\\\\000\0\ger\d
=020  \\$a9783967074529
=041  \\$aeng
=100  \\$aHeinemann, Michael$d1959-$4aut$1http://www.wikidata.org/entity/Q1372254$99472
=245  10$aBeethovens Ohr:$bdie Emanzipation des Klangs vom Hören
=260  \\$aMünchen$bEdition Text + Kritik$c2020
=300  \\$a156 pages
=336  \\$aprinted
=504  \\$aIncludes bibliographical references
=520  \\$aGe·hör : Sinneswahrnehmung von Lebewesen, mit der Schall wahrgenommen werden kann; einer der fünf klassischen Sinne -- Wahr·neh·men : mit den Sinnen aufnehmen, erfassen -- Kör·per·be·wusst·sein : Gefühl für den eigenen Körper -- Auf·schrei·ben : etwas schriftlich festhalten, notieren, vermerken -- Ver·ste·hen : deutlich hören, den Sinn von etwas erfassen -- Über·schre·iten : über etwas hinübergehen, (eine Vorschrift) nicht beachten, sich nicht (an ein bestimmtes Mass) halten -- Fas·sen : mit der Hand an eine bestimmte Stelle greifen, anfassend berühren, ergreifen und festhalten -- Tas·ten : vorsichtig fühlende, suchende Bewegungen ausführen, um Berührung mit etwas zu finden -- Be·frei·en : durch Überwindung von Widerständen aus einer unangenehmen Lage herausholen -- Be·lau·schen : forschend beobachten, zu erfassen suchen -- Er·öff·nen : freilegen, Unerwartetes mitteilen, zugänglich machen, offenbar werden lassen -- Taub : nicht mehr hören können, ohne Empfindung, wie abgestorben, nicht verwertbar. 
=600  \0$aBeethoven, Ludwig van$d1770-1827$1http://www.wikidata.org/entity/Q255$95335
=650  \0$aMusic psychology$1http://www.wikidata.org/entity/Q476590$921788
=942  \\$cBOO
=952  \\$00$10$2ddc$40$6BIO_BEET_E$70$8BIO$921379$aORPH$bORPH$cKTS1_P$d2022-03-10$l1$m2$oBIO BEET e$p20138518$q2022-09-11$r2022-03-17 00:00:00$s2022-03-17$w2022-03-15$yBOO
=999  \\$d20755

