=LDR  01192cam a2200265 a 4500
=001  20757
=005  20251001162314.0
=008  001208s2000\\\\enka\\\\\b\\\\101\0\eng\d
=020  \\$a9780853238355
=041  \\$aeng
=100  \\$4edt$aTalbot, Michael$d1943-$1http://www.wikidata.org/entity/Q1427144$914335
=111  2\$aLiverpool Music Symposium
=245  14$aThe Musical Work:$bReality or Invention?
=260  \\$aLiverpool$bLiverpool University Press$c2000
=300  \\$aviii-260 pages
=336  \\$aprinted
=490  \\$aLiverpool Music Symposium$v1
=500  \\$aProceedings of the symposium held at the Institute of Popular Music, University of Liverpool on 21 September 1998.
=504  \\$aIncludes bibliographical references and indexes.
=650  \0$aMusic philosophy and aesthetics$1http://www.wikidata.org/entity/Q2092865$921165
=650  \0$aArtistic research$1http://www.wikidata.org/entity/Q20827087$921804
=856  \\$uhttp://www.loc.gov/catdir/enhancements/fy0608/00456243-d.html$3Publisher description
=942  \\$cBOO
=952  \\$00$10$2ddc$40$6AES_TALB$70$8AES$921382$aORPH$bORPH$cKM12_1$d2022-03-08$l1$oAES TALB$p20138520$r2022-06-03 00:00:00$s2022-03-17$yBOO
=999  \\$d20757

