=LDR  01413cas a2200253u  4500
=001  20759
=005  20251001162234.0
=008  841018i19701972fr\q|\|||||||\0fre\|fre|\
=041  \\$afre
=100  \\$4edt$aKarshan-Esselier, Françoise$923807
=245  00$aVH 101
=260  \\$aParis$bEssellier$c1970-72
=300  \\$a9 vols.
=336  \\$aprinted
=500  \\$aComplete series
=520  \\$a"VH101 est une revue consacrée aux expérimentations artistiques d’avant-garde et au modernisme, développant une réflexion sur l’engagement artistique vis-à-vis de la société. VH101 rassemble des intellectuels des milieux artistiques, littéraires et philosophiques, pendant cette période où la France est traversée par un bouillonnement culturel. Les articles ont une forme très moderne. Parfois ce sont des interviews, des notes, parfois, les artistes proposent des textes ou des collaborations."
=590  \\$arevue trimestrielle
=650  \0$aArt criticism$1http://www.wikidata.org/entity/Q1143847$94637
=650  \0$aAesthetics$1http://www.wikidata.org/entity/Q35986$921494
=650  \0$aAvant-garde$1http://www.wikidata.org/entity/Q102932$921178
=700  \\$4edt$aHahn, Otto$d1928-1996$1http://www.wikidata.org/entity/Q3357807$923808
=942  \\$cPER
=952  \\$00$10$2ddc$40$6PER_VH1$70$8PER$921387$aORPH$bORPH$cKM12_1$d2022-03-16$oPER VH1$p20138530$r2022-03-16 00:00:00$w2022-03-16$yPER
=999  \\$d20759

