=LDR  01559cam a2200289 a 4500
=001  20766
=005  20251001162314.0
=008  920929s1992\\\\maua\\\\\b\\\\001\0\eng\\
=020  \\$a0262521709
=020  \\$a9780262521703
=041  \\$aeng
=245  00$aUnderstanding Music with AI:$bPerspectives on Music Cognition
=260  \\$aCambridge$bAAAI Press$bMIT Press$c1992
=300  \\$axxxviii-512 pages
=336  \\$aprinted
=500  \\$aUnderstanding Music with AI is an introduction to Cognitive Musicology, the term understood as a science of mental representations of music. The book introduces formal models for otherwise taken-for-granted musical activities such as composing, analyzing music, listening, performing music, etc.
=504  \\$aIncludes bibliographical references and index.
=650  \0$aArtificial intelligence$1http://www.wikidata.org/entity/Q11660$92413
=650  \0$aTechnology$1http://www.wikidata.org/entity/Q11016$921633
=650  \0$aArtistic research$1http://www.wikidata.org/entity/Q20827087$921804
=650  \0$aMusic philosophy and aesthetics$1http://www.wikidata.org/entity/Q2092865$921165
=700  \\$aBalaban, Mira$4edt$1http://www.wikidata.org/entity/Q102170251$923830
=700  \\$aEbcioglu, Kemal$4edt$1http://www.wikidata.org/entity/Q102259360$923831
=700  \\$aLaske, Otto E.$d-1936$4edt$1http://www.wikidata.org/entity/Q95317782$923832
=942  \\$cBOO
=952  \\$00$10$2ddc$40$6SCI_BALA$70$8SCI$921408$aORPH$bORPH$cKM12_1$d2022-03-03$l0$oSCI BALA$p20138573$r2022-03-23 00:00:00$w2022-03-23$yBOO
=999  \\$d20766

