=LDR  02606nac a22002417a 4500
=001  20768
=008  220323s2021\\\\|||ag|||\||||\00|\0\eng\d
=020  \\$a9783955934026
=041  \\$aeng
=100  \\$4aut$aWalsh, N. Andrew$923843
=245  \\$aLabyrinthus:$bHic habitat musica
=260  \\$aHofheim$bWolke$c2021
=300  \\$a2 vols. (xix-406+58 pages)
=336  \\$aprinted
=500  \\$a2 vols.: 'Ergodic Scores of the postwar Avant-Garde' & 'Keytext'
=520  \\$aThe phenomenon of “graphic” scores has been a subject of fascination, controversy, and a flourishing of artistic talent since its inception in the aftermath of the Second World War. The scores of that age, despite their compelling visual presence, nevertheless remain elusive: the means of performance are obscure, and they resist conventional analysis.
This study reconsiders graphic scores from the perspective of Information Theory, derived from studies of “ergodic” texts: the ergodic score requires non-trivial effort from the participants in its realization, becoming a cybernetic object that challenges our beliefs about what music is, how it works, and where to find its meaning. The sounds of a musical performance are the field in which a larger metamorphosis takes place: like the labyrinth, the journey to the heart of ergodic scores entails both risk and transcendence.
This study illuminates ergodic scores from their theoretical foundations: the abstract theory of how they work, the history of exemplary figures from the postwar avant-garde—including such luminaries of the art as Yoko Ono, Roman Haubenstock-Ramati, Anestis Logothetis, Pauline Oliveros, and John Cage—and concrete analysis of selected repertoire.
Using pioneering theoretical insights—and with the benefit of original archival research, interviews with the artists themselves, and decades of experience as a composer and performer of graphic scores—the author establishes one of the great attainments of the twentieth century as a living art.
=650  \0$aAvant-garde$1http://www.wikidata.org/entity/Q102932$921178
=650  \0$aMusical analysis$1http://www.wikidata.org/entity/Q1544924$92775
=650  \0$aGraphic notation$1http://www.wikidata.org/entity/Q30015726$923875
=942  \\$cBOO
=952  \\$00$10$2ddc$3vol. 1$40$6MTP_2_000000000000000_WALS$70$8MTP$921412$aORPH$bORPH$cKM12_1$d2022-02-15$oMTP2 WALS$p20138574$r2022-03-23 00:00:00$w2022-03-23$yBOO
=952  \\$00$10$2ddc$3vol. 2$40$6MTP_2_000000000000000_WALS$70$8MTP$921413$aORPH$bORPH$cKM12_1$d2022-02-15$oMTP2 WALS$p20138575$r2022-03-23 00:00:00$w2022-03-23$yBOO
=999  \\$d20768

