=LDR  01014nac a22001817a 4500
=001  20780
=008  220404m\\\\\\\\||||||||\||||\00|\d\dut\d
=041  \\$adut
=245  \\$a[Collection of plays]
=336  \\$aprinted
=505  \\$gKotzebue's 'De twee kleine Auvergnaten. Tooneelspel in één bedrijf'
Hogendorp's 'Kraspoekol, of De slaaverny'
Kotzebue's 'De kleine Stad in Frankrijk; blyspel'
Brandes' 'De vrouw naar de waereld. Blyspel'
=561  \\$aEx libris J.R.A. Schouten 'Vita sine libris mors est' (plate)
Ex libris Piet de Boer (?) (ms.)
=700  \\$4aut$aKotzebue, August von$d1761-1819$95611
=700  \\$4aut$aBrandes, Johann Christian$d1735-1799$1http://www.wikidata.org/entity/Q112511$95178
=700  \\$4aut$aHogendorp, Dirk$cGraaf van$d1761-1822$1http://www.wikidata.org/entity/Q981423$98455
=942  \\$cBOO
=952  \\$00$10$2ddc$40$6KTS_1_000000000000000_C2_12_H2083$70$8RAR$921425$aORPH$bORPH$cKTS1_C2$d2022-04-04$eKoopman$l0$oKTS1 C2.12 H2-083$p20138606$r2022-04-04 00:00:00$w2022-04-04$yBOO
=999  \\$d20780

