=LDR  00689ncc a22001097a 4500
=001  20781
=008  220405b\\\\\\\\||||||||\||||\00|\0\dut\d
=245  \\$aChristelyke Gezangen
=505  \\$gChristelyke gezangen ten gebruike der Doopsgezinde Gemeente vergaderende by het Lam den den Toren te Amsterdam - Oude liederen, sedert het jaar 1684, in gebruik, by de Doopsgezinde Gemeente, vergaderende by het Lam en den Toren, te Amsterdam - Christelyke gezangen voor de openbare godsdienstoefeningen

=942  \\$cSCO
=952  \\$00$10$2ddc$40$6KTS_1_000000000000000_C2_12_H2086AC$70$8RAR$921426$aORPH$bORPH$cKTS1_C2$d2022-04-05$eKoopman$oKTS1 C2.12 H2-086a-c$p20138613$r2022-04-05 00:00:00$w2022-04-05$ySCO
=999  \\$d20781

