=LDR  01696njm a22003137a 4500
=001  20796
=005  20250925143307.0
=008  220421s1969\\\\||||||||\||||\00|\0\fre\d
=024  \\$2RCA Victrola$a940.044
=041  \\$afre
=100  \\$4cnd$aMaderna, Bruno$d1920-1973$1http://www.wikidata.org/entity/Q351383$917270
=245  \\$aKontra-Punkte; Thrêne, pour les victimes d'Hiroshima; Available Forms 1; Rimes pour différentes sources sonores
=260  \\$bRCA Victrola$c1969
=300  \\$aLP, stereo$c12"
=648  \0$a20th Century (1901-2000)$1http://www.wikidata.org/entity/Q6927$920936
=650  \0$aInstrumental music$1http://www.wikidata.org/entity/Q639197$92106
=650  \0$aOrchestra$1http://www.wikidata.org/entity/Q42998$93159
=651  \0$aGermany$1http://www.wikidata.org/entity/Q183$9155
=651  \0$aPoland$1http://www.wikidata.org/entity/Q36$996
=651  \0$aUSA$1http://www.wikidata.org/entity/Q30$943
=651  \0$aBelgium$1http://www.wikidata.org/entity/Q31$920881
=700  \\$4cmp$aStockhausen, Karlheinz$d1928-2007$1http://www.wikidata.org/entity/Q37546939$915865
=700  \\$4cmp$aPenderecki, Krzysztof$d1933-2020$1http://www.wikidata.org/entity/Q153469$919019
=700  \\$4cmp$aBrown, Earle$d1926-2002$1http://www.wikidata.org/entity/Q1277459$921754
=700  \\$4cmp$aPousseur, Henri$d1929-2009$1http://www.wikidata.org/entity/Q739405$917794
=710  \\$4prf$aOrchestra sinfonica di Roma (Italy)$1http://www.wikidata.org/entity/Q3885014$923958
=942  \\$cREC
=952  \\$00$10$2ddc$40$6REC_12_000000000000000_MADE_1969$70$8REC$921457$aORPH$bORPH$cKM12_2_B$d2022-04-21$fHuys$l0$oREC 12 MADE 1969$p20131623$r2022-04-21 00:00:00$w2022-04-21$yREC
=999  \\$d20796

