=LDR  02161nam a22002417a 4500
=001  20798
=005  20251001162314.0
=008  220425s2016\\\\|||o||||\||||\00|\0\eng\d
=041  \\$aeng
=100  \\$4aut$aPatteson, Thomas$923963
=245  \\$aInstruments for New Music:$bSound, Technology, and Modernism
=260  \\$aCalifornia$bUniversity of California$c2016
=300  \\$axii-236 pages
=336  \\$aprinted
=520  \\$aPlayer pianos, radio-electric circuits, gramophone records, and optical sound film—these were the cutting-edge acoustic technologies of the early twentieth century, and for many musicians and artists of the time, these devices were also the implements of a musical revolution. Instruments for New Music traces a diffuse network of cultural agents who shared the belief that a truly modern music could be attained only through a radical challenge to the technological foundations of the art. Centered in Germany during the 1920s and 1930s, the movement to create new instruments encompassed a broad spectrum of experiments, from the exploration of microtonal tunings and exotic tone colors to the ability to compose directly for automatic musical machines. This movement comprised composers, inventors, and visual artists, including Paul Hindemith, Ernst Toch, Jörg Mager, Friedrich Trautwein, László Moholy-Nagy, Walter Ruttmann, and Oskar Fischinger. Patteson’s fascinating study combines an artifact-oriented history of new music in the early twentieth century with an astute revisiting of still-relevant debates about the relationship between technology and the arts.
=650  \0$aElectronic music$1http://www.wikidata.org/entity/Q9778$922014
=650  \0$aTechnology$1http://www.wikidata.org/entity/Q11016$921633
=650  \0$aInstrumentation$1http://www.wikidata.org/entity/Q617028$923032
=650  \0$aMechanical device$1http://www.wikidata.org/entity/Q1882685$92247
=650  \0$aMusic philosophy and aesthetics$1http://www.wikidata.org/entity/Q2092865$921165
=942  \\$cBOO
=952  \\$00$10$2ddc$40$6INS_9A$70$8INS$921459$aORPH$bORPH$cKTS0$d2022-04-20$oINS9a$p20138996$r2022-04-25 00:00:00$w2022-04-25$yBOO
=999  \\$d20798

