=LDR  01215nam a22002537a 4500
=001  20799
=008  220425s2009\\\\|||f||||\||||\00|\0dfre\d
=041  \\$afre
=100  \\$4edt$aSabatier, Gérard$923964
=245  \\$aClaude-François Ménestrier :$bles jésuites et le monde des images
=260  \\$aGrenoble$bPresses universitaires de Grenoble$c2009
=300  \\$a336 pages$b42 figures, color$eCD-ROM
=490  \\$aLa pierre & l'écrit
=600  \0$aMénestrier, Claude-François$d1631-1705$1http://www.wikidata.org/entity/Q687932$95665
=610  \0$aJesuits$1http://www.wikidata.org/entity/Q36380$921140
=648  \0$a17th Century (1601-1700)$1http://www.wikidata.org/entity/Q7016$920923
=650  \0$aBaroque$1http://www.wikidata.org/entity/Q37853$921255
=650  \0$aRhetoric$1http://www.wikidata.org/entity/Q81009$93894
=650  \0$aFine art$1http://www.wikidata.org/entity/Q219625$921579
=650  \0$aArchitecture$1http://www.wikidata.org/entity/Q12271$93185
=651  \0$aFrance$1http://www.wikidata.org/entity/Q142$9131
=942  \\$cBOO
=952  \\$00$10$2ddc$40$6BIO_MENE_E$70$8BIO$921460$aORPH$bORPH$cKTS1_P$d2021-12-16$g35.00$l0$oBIO MENE e$p20138979$r2022-04-25 00:00:00$w2022-04-25$yBOO
=999  \\$d20799

