=LDR  01336aam a2200229   4500
=001  20801
=005  20251103124736.0
=008  181002s2018\\\\\\\goa\\\m\\\\\\\\0\eng\d
=041  \\$aeng
=100  \\$aD'Errico, Lucia$4aut$919728
=245  \\$aPowers of Divergence:$bAn Experimental Approach to Music Performance
=260  \\$c2017
=300  \\$a216 pages
=336  \\$aprinted
=500  \\$aThis dissertation is an integral part of the five-year research programme 'Experimentation vs Interpretation - Exploring New Paths in Music Performance in the Twenty-First Century' or 'MusicExperiment21', funded by the European Research Council, hosted at the Orpheus Institute of Ghent (BE), and led by Paulo de Assis. The programme has explored and developed notions of "experimentation" in order to propose new performance practices of Western notated art music.
=650  \0$aArtistic research$1http://www.wikidata.org/entity/Q20827087$921804
=650  \0$aPerformance$926223
=650  \0$aMusical interpretation$1http://www.wikidata.org/entity/Q1668139$94533
=650  \0$aMusic philosophy and aesthetics$1http://www.wikidata.org/entity/Q2092865$921165
=942  \\$cDIS
=952  \\$00$10$2ddc$40$6MTP_5_000000000000000_ERRI$70$8MTP$921464$aORPH$bORPH$cKM12_1$d2022-04-25$l0$oMTP5 ERRI$p20138715$r2022-04-25 00:00:00$w2022-04-25$yDIS
=999  \\$d20801

