=LDR  01364cam a22003011  4500
=001  20810
=005  20250925143307.0
=008  750124s1917\\\\xx\\\\\\\\\\\\000\f\eng\\
=040  \\$aOI
=041  \\$aeng
=042  \\$apremarc
=050  00$aPS2116$b.S4 1917
=051  \\$aPS2116$b.S4 1917 Copy 2$cCopy 2.
=100  \\$aJames, Henry$d1843-1916$4aut$1http://www.wikidata.org/entity/Q170509$923999
=245  14$aThe Sense of the Past
=260  \\$aLondon$bCollins$c[1917]
=300  \\$ax-351 pages$c20 cm
=490  \\$a1st ed.
=500  \\$a"The second of the two novels which Henry James left unfinished ... The notes [p. [283]-[351]] on the course which the book was to follow were dictated when he reached the point where the original draft broke off." (Preface)
=648  \0$a20th Century (1901-2000)$1http://www.wikidata.org/entity/Q6927$920936
=650  \0$aNovel$1http://www.wikidata.org/entity/Q8261$921629
=651  \0$aUSA$1http://www.wikidata.org/entity/Q30$943
=700  \\$aLubbock, Percy$d1879-1965$4win$924000
=710  2\$aHenry James Collection (Library of Congress)
=856  \\$uhttps://www.gutenberg.org/files/63369/63369-h/63369-h.htm$3Project Gutenberg
=942  \\$cBOO
=952  \\$00$10$2ddc$40$6LIT_JAME_A$70$8LIT$921472$aORPH$bORPH$cKM12_2_H$d2022-04-27$g14.80$l0$oLIT JAME a$p20131632$r2022-04-27 00:00:00$w2022-04-27$yBOO
=999  \\$d20810

