=LDR  02159nam a22002537a 4500
=001  20811
=008  220427s2014\\\\|||a||||\||||\00|\0dger\d
=020  \\$a978342207248
=041  \\$ager
=245  \\$aWunderwelt:$bDer Pommersche Kunstschrank
=260  \\$aMunich$bMaximilianmuseum$aBerlin$bDeutscher Kunstverlag$c2014
=300  \\$a560 pages
=504  \\$aLiteraturverzeichnis, p. 540
=505  \\$gVorwort / Sabine Thümmler & Christoph Trepesch -- Philipp Hainhofer / Paul von Stetten -- Der Pommersche Kunstschrank / Barbara Mundt -- Wunderwelt. Der Pommersche Kunstschrank und sein »Hainhofer-Code« / Christoph Emmendörffer -- Der Pommersche Kunstschrank in Berlin. Die Stationen bis zum Untergang / Guido Hinterkeuser / 1934: Der Film zum Schrank / Bénédicte Savoy -- »vil zu speculiren und zu sehen«. Ein Literaturbericht zum Pommerschen Kunstschrank / Sandra-Kristin Diefenthaler -- Philipp Hainhofer und der Münchner Hof / Lorenz Seeling -- Der Kunstschrank Herzog Maximilians I. von Bayern für den Kaiser von China / Annette Schommers -- Die Spielesammlung von Ulrich Baumgartner für Herzog August d.J. von Braunschweig-Lüneburg / Christine Cornet -- Vom fürstlichen Jagd- und Reisetisch zum Hainhoferschen Werkzeugkabinett. Über die Umbewertung eines Augsburger Kunstmöbels / Ludwig Kallweit -- Die Stammbücher Philipp Hainhofers / Gerhard Seibold -- Philipp Hainhofers Beziehungen zu Herzog August d.J. zu Braunschweig-Lüneburg / Michal Wenzel -- Katalog -- Anhang
=610  \0$aStaatliche Museen zu Berlin (Germany)$1http://www.wikidata.org/entity/Q700216$91322
=648  \0$a16th Century (1501-1600)$1http://www.wikidata.org/entity/Q7017$920944
=650  \0$aXylophone$1http://www.wikidata.org/entity/Q165666$922451
=650  \0$aApplied arts$1http://www.wikidata.org/entity/Q2865882$921627
=651  \0$aGermany$1http://www.wikidata.org/entity/Q183$9155
=700  \\$4edt$aEmmendörffer, Christoph$924001
=700  \\$4edt$aTrepesch, Christoph$924002
=942  \\$cBOO
=952  \\$00$10$2ddc$40$6VIS_EMME$70$8VIS$921473$aORPH$bORPH$cKTS1_H$d2022-01-28$g9.95$l0$oVIS EMME$p20131633$r2022-04-27 00:00:00$w2022-04-27$yBOO
=999  \\$d20811

