=LDR  01073nam a22001337a 4500
=001  20815
=008  220428b\\\\\\\\||||||||\||||\00|\0\###\d
=245  \\$a[16 Dutch Comedies]
=500  \\$aFront matter contains manuscript list of all titles in this convolute

=505  \\$gFilipyns Belachelyke Schaaking / Van der Hoeven -- De Zwetser / Langendyk --  De Schrandere Gek / Koenerding -- Duifje en Snaphaan / Fornenbergh -- De Vryer Kamenier / van den Broek -- Loon naar Werk / Vincent -- Het  Bedurven Huishouden / Krook -- De Spookende Boer / Elias -- Het Verliefde Huysgezin / Le Grand -- Krispyn, Medevryer van zyn Heer / Lesage -- De Bekeerde Alchemist / Lingelbach -- De Onbarmhertige Huisheer / Verley -- Jan Crediet / Krook -- De Bekeerde Dronkaard / Elias -- De Mansmoêr / Haps -- De Buitenspoorige Waard / Domis
=561  \\$aEx libris Arsten Goek (manuscript)

=942  \\$cBOO
=952  \\$00$10$2ddc$40$6KTS_1_000000000000000_C2_16_H3036AP$70$8RAR$921477$aORPH$bORPH$cKTS1_C2$d2022-04-28$eKoopman$l0$oKTS1 C2.16 H3-036a-p$p20138724$r2022-04-28 00:00:00$w2022-04-28$yBOO
=999  \\$d20815

