=LDR  01156    a2200253   4500
=001  20832
=008  210402s1787\\\\\\\|||||\||||\00|\p\ger\d
=041  \\$ager
=245  \\$aSchweizerlieder von verschiedenen Verfassern$bals ein zweiter Theil zu Hrn. Lavaters Schweitzerliedern
=250  \\$a1st ed.
=260  \\$aZürich$bBürkli$c1787
=300  \\$axvi-224 pages$bengraved title page
=336  \\$aprinted
=500  \\$atitle page engraving depicting 3 male singers
=501  \\$aBound in with Lavater's 'Schweizerlieder'
=648  \0$a18th Century (1701-1800)$1http://www.wikidata.org/entity/Q7015$920899
=650  \0$aPoetry$1http://www.wikidata.org/entity/Q482$93026
=650  \0$aSong$1http://www.wikidata.org/entity/Q7366$94164
=651  \0$aSwitzerland$1http://www.wikidata.org/entity/Q39$920954
=700  \\$4asn$aLavater, Johann Caspar$d1741-1801$1http://www.wikidata.org/entity/Q123918$97902
=773  \\$04690$tSchweizerlieder$w4690 
=942  \\$cSCO
=952  \\$00$10$2ddc$40$6KTS_1_000000000000000_C2_23_H3110B$70$921544$aORPH$bORPH$cKTS1_C2$d2022-05-17$eKoopman$oKTS1 C2.23 H3-110b$p20138880b$r2022-05-17 00:00:00$w2022-05-17$yBOO
=999  \\$d20832

