=LDR  01403    a2200265   4500
=001  20834
=008  220517s1823\\\\||||||||\||||\00|\0\dut\d
=041  \\$adut
=059  \\$av
=245  \\$aHet Boek der Psalmen,$bnevens de Gezangen bij de Hervormde Kerk van Nederland in gebruik;
=260  \\$aAmsterdam; Haarlem$bHengst, den; Brandt; Gravius; Enschedé; Linden, onder de$c1823
=300  \\$a[412 pages]  
=336  \\$aprinted
=500  \\$aBound in with 'Het Nieuwe Testament', ‘Evangelische gezangen’ and ‘Catechismus’

=590  \\$aDoor last van de hoog mog. heeren Staten Generaal der Verenigde Nederlanden, Uit drie Berijmingen, in den jare 1773 gekoren. Met de noodige daar in gemaakte veranderingen.
=648  \0$a19th Century (1801-1900)$1http://www.wikidata.org/entity/Q6955$920935
=650  \0$aPsalm$1http://www.wikidata.org/entity/Q12497663$92164
=650  \0$aSong$1http://www.wikidata.org/entity/Q7366$94164
=650  \0$aReligion$1http://www.wikidata.org/entity/Q9174$93062
=650  \0$aVocal music$1http://www.wikidata.org/entity/Q685884$93319
=651  \0$aNetherlands$1http://www.wikidata.org/entity/Q55$9173
=773  \\$04693$tHet Nieuwe Testament$w4693
=942  \\$cSCO
=952  \\$00$10$2ddc$40$6KTS_1_000000000000000_C2_23_H3114B$70$8RAR$921546$aORPH$bORPH$cKTS1_C2$d2022-05-17$eKoopman$oKTS1 C2.23 H3-114b$p20138884b$r2022-05-17 00:00:00$w2022-05-17$ySCO
=999  \\$d20834

