=LDR  01330nam a22002297a 4500
=001  20842
=008  220518b\\\\\\\\||||||||\||||\00|\0\ger\d
=100  \\$4trl$aLuther, Martin$d1483-1546$1http://www.wikidata.org/entity/Q9554$94999
=245  \\$aDer gantze Psalter des hocherleuchteten Königs und Propheten Davids
=260  \\$aLobenstein$bAuthenrieth$cs.d.
=300  \\$a84-[4] pages
=501  \\$aBound in with 'Das vermehrte Schleitzische Gesang-Buch' and 'Episteln und Evangelien'
=590  \\$aVerteutscht durch D. Martin Luthern , Nebst einen ordentlichen Register über die Psalmen nach dem Alphabet, und einer zweyfachen Anweisung, wie man sich des Psalters nützlich bedienen könne.
=648  \0$a18th Century (1701-1800)$1http://www.wikidata.org/entity/Q7015$920899
=650  \0$aPsalm$1http://www.wikidata.org/entity/Q12497663$92164
=650  \0$aReligion$1http://www.wikidata.org/entity/Q9174$93062
=650  \0$aProtestantism$1http://www.wikidata.org/entity/Q23540$921012
=651  \0$aGermany$1http://www.wikidata.org/entity/Q183$9155
=773  \\$020841$tDas vermehrte Schleitzische Gesang-Buch$w20841
=942  \\$cBOO
=952  \\$00$10$2ddc$40$6KTS_1_000000000000000_C2_23_H3115B$70$8RAR$921554$aORPH$bORPH$cKTS1_C2$d2022-05-18$eKoopman$oKTS1 C2.23 H3-115b$p20138885b$r2022-05-18 00:00:00$w2022-05-18$yBOO
=999  \\$d20842

