=LDR  01214nam a22002177a 4500
=001  20847
=008  220518s1852\\\\||||||||\||||\00|\0\ger\d
=245  \\$aEpisteln und Evangelia,$bauf alle Sonn- und Fest-Tage
=260  \\$aLüneburg$bStern$c1852
=300  \\$a112 pages
=501  \\$aBound in with 'Lüneburgisches Kirchen-Gesang-Buch nebst einem Gebet-Buche'


=590  \\$anebst den Festlichen Vorlesungen mit beigefügte Geschichte von dem Leiden und Sterben Jesu Christi, wie auch der Beschreibung von der Zerstörung der Satdt Jerusalem
=648  \0$a19th Century (1801-1900)$1http://www.wikidata.org/entity/Q6955$920935
=650  \0$aReligion$1http://www.wikidata.org/entity/Q9174$93062
=650  \0$aBible$1http://www.wikidata.org/entity/Q1845$921581
=650  \0$aProtestantism$1http://www.wikidata.org/entity/Q23540$921012
=651  \0$aLüneburg (Germany)$1http://www.wikidata.org/entity/Q3920$922736
=773  \\$020846$tLüneburgisches Kirchen-Gesang-Buch nebst einem Gebet-Buche$w20846
=942  \\$cBOO
=952  \\$00$10$2ddc$40$6KTS_1_000000000000000_C2_23_H3118B$70$8RAR$921559$aORPH$bORPH$cKTS1_C2$d2022-05-18$eKoopman$l0$oKTS1 C2.23 H3-118b$p20138888b$r2022-05-18 00:00:00$w2022-05-18$yBOO
=999  \\$d20847

