=LDR  02181cam a2200253 i 4500
=001  20849
=008  161028s2017\\\\iluag\\\\b\\\\001\0deng\\
=020  \\$z9780252086304
=041  \\$aeng
=100  \\$aGann, Kyle$4aut$1http://www.wikidata.org/entity/Q1795042$916095
=245  10$aCharles Ives's Concord:$bEssays After a Sonata
=260  \\$aUrbana, IL$bUniversity of Illinois$c2017
=300  \\$axiii-438 pages
=336  \\$aprinted
=490  \\$aMusic in American life
=504  \\$aIncludes bibliographical references  (pages 423-430) and index.
=520  \\$aIn 1921, insurance executive Charles Ives sent out copies of a piano sonata to two hundred strangers. Laden with dissonant chords, complex rhythm, and a seemingly chaotic structure, the so-called Concord Sonata confounded the recipients, as did the accompanying book, Essays before a Sonata. Kyle Gann merges exhaustive research with his own experience as a composer to reveal the Concord Sonata and the essays in full. Diffracting the twinned works into their essential aspects, Gann lays out the historical context that produced Ives's masterpiece and illuminates the arguments Ives himself explored in the Essays. Gann also provides a movement-by-movement analysis of the work's harmonic structure and compositional technique; connects the sonata to Ives works that share parts of its material; and compares the 1921 version of the Concord with its 1947 revision to reveal important aspects of Ives's creative process. A tour de force of critical, theoretical, and historical thought, Charles Ives's Concord provides nothing less than the first comprehensive consideration of a work at the heart of twentieth century American music.
=600  \0$aIves, Charles$d1874-1954$1http://www.wikidata.org/entity/Q309648$915699
=650  \0$aMusic history$1http://www.wikidata.org/entity/Q846047$921373
=650  \0$aMusical analysis$1http://www.wikidata.org/entity/Q1544924$92775
=650  \0$aSonata$1http://www.wikidata.org/entity/Q131269$921653
=942  \\$cBOO
=952  \\$00$10$2ddc$40$6BIO_IVES_E$70$8BIO$921563$aORPH$bORPH$cKTS1_P$d2022-05-18$l1$oBIO IVES e$p20138893$r2024-01-23 00:00:00$s2022-05-19$yBOO
=999  \\$d20849

