=LDR  03251nam a22003377a 4500
=001  20850
=008  220519s2008\\\\|||ga|||\||||\00|\e\eng\d
=041  \\$aeng
=100  \\$aBarbieri, Patrizio$d?-2024$4aut$4edt$910277
=245  \\$aEnharmonic Instruments and Music 1470-1900
=260  \\$aLatina$bIl levante libreria$c2008
=300  \\$axii-616 pages$eCD
=490  \\$aTastata. Studi e documenti$v2
=500  \\$aCollection of texts published previously between 1983 and 2007 and revised. Accompanying compact disc contains many of the surviving rare compositions written for the systems discussed in the book.
=520  \\$aEnharmonic instruments and music 1470-1900 is the first complete look at the instruments provided with more than the standard twelve keys per octave, traditionally called "enharmonic": a fascinating but still obscure topic, which since the Renaissance has been investigated by practical musicians, theoreticians, instrument makers, acousticians, mathematicians, and philosophers. These instruments, as conceived from the 15th to 19th centuries, are divided into two types: open-chain (i.e. harmonically "non circulating", adopting just or meantone intonation) and closed-chain (i.e. "circulating", based on different types of Equal-Tempered System). The attached CD--which contains a good part of the surviving rare compositions written for the said systems, digitally mounted--will also provide the reader with concrete acoustic examples of the micro-intervals for which a written text can offer only arithmetical ratios. Also examined are: (1) problems of performance practice relating to the intonation of violins, woodwinds, and singers; (2) attempts to reintroduce the ancient Greek genera and tonoi, all carried out in the first half of the 17th century; (3) repeated proposals to extend "just intonation" to harmonic numbers beyond those of Zarlino's Senario, with the consequent introduction of the new enharmonic intervals produced by Septimal and Undecimal Harmonies; (4) early mathematical divisions of the octave in 'n' equal parts
=590  \\$aRevised and Translated Studies. CD included
=648  \0$aRenaissance (1400-1600)$1http://www.wikidata.org/entity/Q4692$920965
=648  \0$a17th Century (1601-1700)$1http://www.wikidata.org/entity/Q7016$920923
=648  \0$a18th Century (1701-1800)$1http://www.wikidata.org/entity/Q7015$920899
=648  \0$a19th Century (1801-1900)$1http://www.wikidata.org/entity/Q6955$920935
=650  \0$aMusic history$1http://www.wikidata.org/entity/Q846047$921373
=650  \0$aHarmony$1http://www.wikidata.org/entity/Q184421$92358
=650  \0$aEnharmonic$1http://www.wikidata.org/entity/Q837294$923976
=650  \0$aTemperament$1http://www.wikidata.org/entity/Q55073971$921656
=650  \0$aString instrument$1http://www.wikidata.org/entity/Q1798603$92912
=650  \0$aKeyboard instrument$1http://www.wikidata.org/entity/Q52954$92849
=650  \0$aWoodwind instrument$1http://www.wikidata.org/entity/Q181247$94119
=650  \0$aSinging$1http://www.wikidata.org/entity/Q27939$92767
=942  \\$cBOO
=952  \\$00$10$2ddc$40$6INS_1A$70$8INS$921564$aORPH$bORPH$cKTS0$d2022-05-18$l1$m1$oINS1a$p20138894$q2022-11-13$r2022-05-19 00:00:00$s2022-05-19$yBOO
=999  \\$d20850

