=LDR  01727njm a22002537a 4500
=001  20851
=005  20250925143307.0
=008  220519s1973\\\\||||||||\||||\00|\0\ger\d
=041  \\$ager
=245  \\$aEstampida / Zweite Sonate / Con Licenza / Connections / Erinnerung An Alfred Feussner
=260  \\$aPulheim$bAulos$c1973
=300  \\$aLP, stereo
=336  \\$aaudio
=500  \\$aAutograph by Manfred Niehaus on inner sleeve, dated 8/3/'74
=500  \\$aA1 Estampida Für Gitarre
Guitar [Gitarre] – Wilhelm Bruck

A2 Zweite Sonate Für Violoncello Und Klavier
Cello [Violoncello] – Thomas Blees
Piano [Klavier] – Georg Kröll

A3 Con Licenza
Recorder [Blockflöte] – Günther Höller

B1 Connections
Accordion [Akkordeon], Bassoon [Fagott] – Peter Aussem
Contrabass [Kontrabaß] – Theo Kierdorf
Percussion [Schlagzeug] – Cees See
Trumpet [Trompete] – Manfred Schoof
Viola, Saxophone [Saxophon] – Manfred Niehaus
Zither – Klaus Waldburg

B2 Erinnerung An Alfred Feussner
Organ [Elektronische Orgel] – Georg Kröll
=648  \0$a20th Century (1901-2000)$1http://www.wikidata.org/entity/Q6927$920936
=650  \0$aInstrumental music$1http://www.wikidata.org/entity/Q639197$92106
=650  \0$aJazz$1http://www.wikidata.org/entity/Q8341$92756
=651  \0$aGermany$1http://www.wikidata.org/entity/Q183$9155
=700  \\$4cmp$aKröll, Georg$1http://www.wikidata.org/entity/Q1505076$924227
=700  \\$4cmp$aNiehaus, Manfred$1http://www.wikidata.org/entity/Q1889740$924228
=942  \\$cREC
=952  \\$00$10$2ddc$40$6REC_LP_12_000000000000000_KROL_1973$70$8REC$921565$aORPH$bORPH$cKM12_2_B$d2022-05-19$l1$oREC LP 12 KROL 1973$p20138895$q2022-11-13$r2022-05-19 00:00:00$s2022-05-19$w2022-05-19$yREC
=999  \\$d20851

