=LDR  02833nas a22002417a 4500
=001  20856
=008  220530i19791982|||z||||\||||\00|\0\ger\d
=041  \\$ager
=100  \\$4edt$aLederer, Josef-Horst$d1944-$1http://www.wikidata.org/entity/Q41627178$921098
=245  \\$aMusicologica austriaca.$bJournal for Austrian Music Studies
=246  \1$aMusAu
=260  \\$aMunich$aSalzburg$bKatzbichler$c1977; 1979; 1982
=300  \\$a3 vols.
=505  \\$gVol. 1: Zwei barocke Streichbögen im Salzburger Museum Carolino Augusteum / K. Birsak -- Zur Rolle der Zeit im Musikgestalten und -erleben / W. Graf -- Das musikalische Zitat als historisches und systematisches Problem / G. Gruber -- "Missa Salisburgensis". Neue Erkenntnisse über Entstehung, Autor und Zweckbestimmung / E. Hintermeier -- Perzeptorische und kognitive Grundlagen der Musikgestaltung in Schwarzafrika / G. Kubik -- Beiträge zur Entwicklungsgeschichte der vierstimmigen Humanistenode / R. Pirker -- Musik als Klangrede. Die französische Nachahmungsästhetik und ihre Auswirkungen bis hin zur Musique concrète / H. Rösing$gVol. 2: Pentatonische Melodiebildung in Gustav Mahlers "Das Lied von der Erde" / U. Baur -- Die thematisch-melodische Einheit im Spätwerk Beethovens / O. Brusatti -- Das Divertimento / G. A. Henrotte -- "Österreich - österreichisch" / W. Höflechner -- Die Accademia am Wiener Kaiserhof unter der Regierung Kaiser Leopolds I / U. Hofmann -- Biedermeier- ein Stilbegriff in der Musik / L. M. Kantner -- Leibniz und die Krise der seriellen Musik / H. D. Klein -- Musik in den österreichischen Klöstern der Babennergezeit / W. Lipphardt -- Musik und Musikpflege in Lilienfeld / M. Merk -- Der dialektische Prozess in Haydns Doppelvariationen / G. Scholz -- Österreichische Literatur des 13. Jahrhunderts. Probleme, Aufgaben, Forschungsmethoden / F. V. Spechtler -- Johannes Gerson und die Devise Kaiser Friedrichs III / G. Winner$gVol. 3: Quellen zur österreichischen Musikgeschichte / R. Flotzinger
=650  \0$aMusic history$1http://www.wikidata.org/entity/Q846047$921373
=650  \0$aOrganology$1http://www.wikidata.org/entity/Q899293$921400
=651  \0$aAustria$1http://www.wikidata.org/entity/Q40$9202
=700  \\$4edt$aFlotzinger, Rudolf$d1939-$1http://www.wikidata.org/entity/Q115168$99144
=942  \\$cPER
=952  \\$00$10$2ddc$3Vol. 1$40$6TOP_AT_0_000000000000000$70$8TOP$921573$aORPH$bORPH$cKTS0$d2022-05-30$i20E30$oTOP AT 0$p20125404$r2022-05-30 00:00:00$w2022-05-30$yPER
=952  \\$00$10$2ddc$3Vol. 2$40$6TOP_AT_0_000000000000000$70$8TOP$921574$aORPH$bORPH$cKTS0$d2022-05-30$i20E31$oTOP AT 0$p20125403$r2022-05-30 00:00:00$w2022-05-30$yPER
=952  \\$00$10$2ddc$3Vol. 3$40$6TOP_AT_0_000000000000000$70$8TOP$921575$aORPH$bORPH$cKTS0$d2022-05-30$i20E32$oTOP AT 0$p20125402$r2022-05-30 00:00:00$w2022-05-30$yPER
=999  \\$d20856

