=LDR  00704nam a22001937a 4500
=001  20860
=005  20250925143308.0
=008  220603s1997\\\\||||||||\||||\00|\f\eng\d
=020  \\$a0140264078
=041  \\$aeng
=100  \\$4aut$aNabokov, Vladimir$d1899-1977$1http://www.wikidata.org/entity/Q36591$924318
=245  \\$aLolita
=260  \\$aLondon$bPenguin$c1997
=300  \\$a315 pages
=648  \0$a20th Century (1901-2000)$1http://www.wikidata.org/entity/Q6927$920936
=650  \0$aNovel$1http://www.wikidata.org/entity/Q8261$921629
=942  \\$cBOO
=952  \\$00$10$2ddc$40$6LIT_NABO_A$70$8LIT$921579$aORPH$bORPH$cKM12_2_H$d2022-06-03$l0$oLIT NABO a$p20131664$r2022-06-03 00:00:00$w2022-06-03$yBOO
=999  \\$d20860

