=LDR  02284nam a22003017a 4500
=001  20866
=005  20250925143308.0
=008  220614s2022\\\\||||||||\||||\00|\0\eng\d
=020  \\$a9783030966935
=041  \\$aeng
=100  \\$4aut$aWierzbicki, James Eugene$1http://www.wikidata.org/entity/Q112481431$924346
=245  \\$aWhen Music Mattered:$bAmerican Music in the Sixties
=260  \\$aCham (CH)$bPalgrave Macmillan$c2022
=300  \\$axlii-265 pages
=336  \\$aprinted
=500  \\$aJames Wierzbicki (1948) lives in the Australian town of Coober Pedy. For twenty years, he was the classical music critic for the St. Louis Post-Dispatch and other American newspapers, and for another twenty years a professor at the University of California-Irvine, the University of Michigan, and the University of Sydney. 
=520  \\$aThis book examines the American Sixties, and how that period’s socio-political essence was reflected and refracted in certain forms of the period’s music. Its five main chapters bear the names of familiar musical categories: ’Folk,’ ‘Rock,’ ‘Jazz,’ ‘Avant-Garde,’ ‘Classical.’ But the book’s real subject matter—treated at length in the Prologue and the Epilogue but spread throughout all that comes between—is the Sixties’ tangled mess of hopes and frustrations, of hungers as much for self-identity as for self-indulgence, of crises of conscience that bothered Americans of almost all ages and regardless of political persuasion.
=648  \0$a20th Century (1901-2000)$1http://www.wikidata.org/entity/Q6927$920936
=650  \0$aMusic history$1http://www.wikidata.org/entity/Q846047$921373
=650  \0$aCuckoo$1http://www.wikidata.org/entity/Q18845$922474
=650  \0$aFolk music$1http://www.wikidata.org/entity/Q43343$921594
=650  \0$aPopular music$1http://www.wikidata.org/entity/Q373342$922015
=650  \0$aJazz$1http://www.wikidata.org/entity/Q8341$92756
=650  \0$aAvant-garde$1http://www.wikidata.org/entity/Q102932$921178
=651  \0$aUSA$1http://www.wikidata.org/entity/Q30$943
=942  \\$cBOO
=952  \\$00$10$2ddc$40$6TOP_US_7_000000000000000$70$8TOP$921589$aORPH$bORPH$cKTS0$d2022-05-26$l1$oTOP US 7$p20138946$q2022-12-18$r2022-06-23 00:00:00$s2022-06-23$v116.59$w2022-06-14$yBOO
=999  \\$d20866

