=LDR  01873nam a22002177a 4500
=001  20867
=005  20251001162314.0
=008  220614s2021\\\\||||||||\||||\00|\0\spa\d
=020  \\$a9788494511752
=041  \\$aspa
=100  \\$4aut$aChiantore, Luca$1http://www.wikidata.org/entity/Q5981776$910204
=245  \\$aMalditas palabras
=260  \\$aBarcelona$bMusikeon$c2021
=300  \\$a222 pages
=520  \\$a'Malditas palabras' was written during the long months of confinement in 2020, and is directly linked to Chiantores artistic research project In-Versions (www.in-versions.com). 
Moving away for a moment from the musicological research that characterized his previous 'Historia de la técnica pianística' (2001), 'Beethoven al piano' (2010, 2nd ed.: 2020) and 'Tone Moves' (2019), this monograph is based on the vocabulary used in the world of music (particularly European classical music) to highlight the fragility of most musical terminology, arguing about the metaphysical halo that frequently permeates it and denouncing the ethnocentrism implicit in the claims of superiority of a certain music over another. With an agile and scathing tone, sometimes ironic and often provocative, Luca Chiantore reveals his most recent ideas in this book full of personal memories and intimate reflections that will surprise those who know his other writings and at the same time bring the general public closer to the dynamic and unconventional of his lectures and his concerts.
=650  \0$aMusic philosophy and aesthetics$1http://www.wikidata.org/entity/Q2092865$921165
=650  \0$aTerminology$1http://www.wikidata.org/entity/Q9357442$924458
=651  \0$aSpain$1http://www.wikidata.org/entity/Q29$920983
=942  \\$cBOO
=952  \\$00$10$2ddc$40$6AES_CHIA$70$8AES$921590$aORPH$bORPH$cKM12_1$d2022-06-14$oAES CHIA$p20139004$r2022-06-14 00:00:00$w2022-06-14$yBOO
=999  \\$d20867

