=LDR  01735cam a2200349 a 4500
=001  20869
=005  20250930111755.0
=008  830426s1982\\\\gw\ag\\\\b\\\\000\0\ger\\
=020  \\$a3874525597
=040  \\$aOI
=041  0\$ager$beng
=100  \\$aKurth, Ulrich$d1953-$4aut$924381
=245  10$aAus der Neuen Welt:$bUntersuchungen zur Rezeption afro-amerikanischer Musik in europäischer Kunstmusik des 19. und frühen 20. Jahrhunderts
=260  \\$aGöppingen$bKümmerle$c1982
=300  \\$av-398 pages$billustrations, music$c21 cm
=490  0\$aGöppinger akademische Beiträge$v116
=500  \\$aSummary in English.
=504  \\$aBibliography: p. 378-393.
=600  \0$aDvořák, Antonín$d1841-1904$1http://www.wikidata.org/entity/Q7298$924382
=600  \0$aDebussy, Claude$d1862-1918$1http://www.wikidata.org/entity/Q4700$918776
=600  \0$aSatie, Erik$d1866-1925$1http://www.wikidata.org/entity/Q187192$920073
=600  \0$aStravinsky, Igor$d1882-1971$1http://www.wikidata.org/entity/Q7314$919367
=600  \0$aMilhaud, Darius$d1892-1974$1http://www.wikidata.org/entity/Q186264$98782
=648  \0$a19th Century (1801-1900)$1http://www.wikidata.org/entity/Q6955$920935
=648  \0$a20th Century (1901-2000)$1http://www.wikidata.org/entity/Q6927$920936
=650  \0$aMusic history$1http://www.wikidata.org/entity/Q846047$921373
=650  \0$aInfluence$1http://www.wikidata.org/entity/Q1307337$922289
=651  \0$aUSA$1http://www.wikidata.org/entity/Q30$943
=651  \0$aEurope$1http://www.wikidata.org/entity/Q46$991
=942  \\$cBOO
=952  \\$00$10$2ddc$40$6TOP_US_6_000000000000000$70$8TOP$921596$aORPH$bORPH$cKTS0$d2022-06-16$g68.00$l0$oTOP US 6$p20138949$r2022-06-16 00:00:00$w2022-06-16$yBOO
=999  \\$d20869

