=LDR  00977nam a22001817a 4500
=001  20870
=008  220616n\\\\\\\\||||||||\||||\00|\0\ger\d
=245  \\$aDie Collecten, Episteln und Evangelia auf alle Sonn- und Fest-Tage durch das ganze Jahr
=260  \\$aAltona$cs.d.$bSalomon
=300  \\$a72 pages$bgilded edges
=501  \\$aBound in with 'Allgemeines Gesangbuch' and ‘Tägliches Gebethbuch’

=590  \\$aNebst beygefügter historie vom Leiden und STerben Jesu Christi, wie auch die Beschreibung der Zerstöhrung der Stadt JErusalem, und dem allgemeinen Kirchengebet.
=648  \0$a18th Century (1701-1800)$1http://www.wikidata.org/entity/Q7015$920899
=650  \0$aBible$1http://www.wikidata.org/entity/Q1845$921581
=773  \\$04751$tAllgemeines Gesangbuch$w4751
=942  \\$cBOO
=952  \\$00$10$2ddc$40$6KTS_1_000000000000000_C2_25_H4057C$70$921597$aORPH$bORPH$cKTS1_C2$d2022-06-16$eKoopman$oKTS1 C2.25 H4-057c$p20137439c$r2022-06-16 00:00:00$w2022-06-16$yBOO
=999  \\$d20870

