=LDR  01292nam a22002297a 4500
=001  20873
=005  20251103124736.0
=008  220622s2019\\\\spag||||\||||\00|\0\eng\d
=041  \\$aeng$hspa
=100  \\$4aut$aChiantore, Luca$1http://www.wikidata.org/entity/Q5981776$910204
=245  \\$aTone Moves.$bA History of Piano Technique
=260  \\$aBarcelona$bMusikeon$c2019
=300  \\$a756 pages
=520  \\$aIn this book the musicologist and pianist Luca Chiantore shows the two main facets of his activity, in which piano technique is a constant field of study and at the same time the starting point for fascinating artistic proposals. The new English version of his already classic «Historia de la técnica pianística» is a reference book on the subject.
=650  \0$aPiano$1http://www.wikidata.org/entity/Q5994$92127
=650  \0$aMusic history$1http://www.wikidata.org/entity/Q846047$921373
=650  \0$aMusic education$1http://www.wikidata.org/entity/Q27908$921766
=650  \0$aMusical interpretation$1http://www.wikidata.org/entity/Q1668139$94533
=765  \\$aHistoria de la técnica pianística
=942  \\$cBOO
=952  \\$00$10$2ddc$40$6INS_3_000000000000000_3A$70$8INS$921604$aORPH$bORPH$cKTS0$d2023-09-13$l0$oINS3.3a$p20139005$r2022-06-22 00:00:00$w2022-06-22$yBOO
=999  \\$d20873

