=LDR  04181nam a22002657a 4500
=001  20874
=005  20251001162314.0
=008  220622s2019\\\\|||og|||\||||\00|\0\eng\d
=020  \\$a9781138323018
=041  \\$aeng
=100  \\$4edt$aAdlington, Robert$1http://www.wikidata.org/entity/Q95339867$918464
=245  \\$aNew Music Theatre in Europe:$bTransformations between 1955-1975
=260  \\$aOxon$aNew York$bRoutledge$c2019
=300  \\$axvi-331 pages
=490  \\$aMusical Cultures of the Twenthieth Century
=505  \\$gIntroduction ROBERT ADLINGTON
PART I: Between the avant-gardes: new music theatre and new conceptions of drama
1. The definition of a new performance code between ‘avant-garde’ and ‘new’ theatre STEFANIA BRUNO
2. Total theatre and music theatre: tracing influences from pre- to post-war avant-gardes JULIA H. SCHRÖDER
3. Theatre as problem: modern drama and its influence in Ligeti, Pousseur and Berio VINCENZINA C. OTTOMANO

PART II: Expansions of technology
4. Audio-visual collisions: moving image technology and the Laterna Magika aesthetic in new music theatre HOLLY ROGERS
5. Composing new media: magnetic tape technology in new music theatre, c. 1950–1970 ANDREAS MÜNZMAY

PART III: The critique of established power
6. Guerrilla in the Polder: Music-Theatrical Protests in the Low Countries, 1968-1969 HARM LANGENKAMP
7. René Leibowitz’s Todos caerán: grand opéra as (critique of) new music theatreESTEBAN BUCH

PART IV: New venues and environments
8. A survey of new music theatre in Rome, 1961-1973: ‘anni favolosi’? ALESSANDRO MASTROPIETRO
9. Avant-garde music theatre: the Festival d’Avignon between 1967 and 1969 JEAN-FRANÇOIS TRUBERT

PART V: Reconceiving the performer
10. Reconceptualising the performer in new music theatre: collaborations with actors, mimes and musicians DAVID BEARD
11. Embodied commitments: solo performance and the making of new music theatre FRANCESCA PLACANICA

PART VI: Analyzing new music theatre
12. New music theatre and theories of embodied cognition BJÖRN HEILE
13. Analyzing new music theatre: theme and variations (in a multimedial perspective) ANGELA IDA DE BENEDICTIS
=520  \\$aBetween 1955 and 1975 music theatre became a central preoccupation for European composers digesting the consequences of the revolutionary experiments in musical language that followed the end of the Second World War. The ‘new music theatre’ wrought multiple, significant transformations, serving as a crucible for the experimental rethinking of theatrical traditions, artistic genres, the conventions of performance, and the composer’s relation to society. This volume brings together leading specialists from across Europe to offer a new appraisal of the genre. It is structured according to six themes that investigate: the relation of new music theatre to earlier and contemporaneous theories of drama; the use of new technologies; the relation of new music theatre to progressive politics; the role of new venues and environments; the advancement of new conceptions of the performer; and the challenges that new music theatre lays down for music analysis. Contributing authors address canonical works by composers such as Berio, Birtwistle, Henze, Kagel, Ligeti, Nono, and Zimmermann, but also expand the field to figures and artistic developments not regularly represented in existing music histories. Particular attention is given to new music theatre as a site of intense exchange – between practitioners of different art forms, across national borders, and with diverse mediating institutions.
=650  \0$aMusic theater$1http://www.wikidata.org/entity/Q96394452$92065
=650  \0$aTheater history$1http://www.wikidata.org/entity/Q1061140$94607
=650  \0$aMusic history$1http://www.wikidata.org/entity/Q846047$921373
=650  \0$aMusic philosophy and aesthetics$1http://www.wikidata.org/entity/Q2092865$921165
=650  \0$aTechnology$1http://www.wikidata.org/entity/Q11016$921633
=942  \\$cBOO
=952  \\$00$10$2ddc$40$6GEN_17_000000000000000$70$8GEN$921605$aORPH$bORPH$cKM12_1$d2022-06-22$l2$oGEN17$p20139006$r2023-02-24 00:00:00$s2023-01-27$w2022-06-22$yBOO
=999  \\$d20874

