=LDR  01766nam a22002297a 4500
=001  20875
=005  20251001162314.0
=008  220622s2006\\\\|||aog||\||||\00|\0dger\d
=041  \\$ager
=245  \\$aDa mal Saturn herankam:$bNeue Musik und ihr Umfeld. In Erinnerung an Karl Amadeus Hartmann zum 100. Geburtstag
=260  \\$bBayerischen Rundfunk$bMusica viva$c2006
=300  \\$a275 pages
=500  \\$aKarl Amadeus Hartmann (1905-1963) was a German composer, who was particularly regarded as a symphonist. He was the founder of the musica viva concert series, a very important concert series of contemporary music with a focus on orchestral music.
=500  \\$aWith contributions from Pierre Boulez, Hans Werner Henze, Otto Tomek, Michael Hirsch, Adriana Hölszky, Olga Neuwirth, Enno Poppe, Wolfgang Rihm, Dieter Schnebel, Jörg Widmann, Gisela Nauck, Armin Köhler, Stefan Fricke, Wolfgang Heisig, Christof Schläger, Godfried-Willem Raes, Erwin Stache, Rudolf Frisius, Björn Gottstein, Wiebke Hüster, Udo Zimmermann, Michael Lentz, Maja Jantar, Jelle Meander, Franz Mon, Josef Anton Riedl, Gerhard Rühm, Valeri Scherstjanoi, Amanda Stewart und Astrid Ackermann. 
=600  \0$aHartmann, Karl Amadeus$d1905-1963$1http://www.wikidata.org/entity/Q366100$924461
=650  \0$aMusic philosophy and aesthetics$1http://www.wikidata.org/entity/Q2092865$921165
=650  \0$aArtistic research$1http://www.wikidata.org/entity/Q20827087$921804
=700  \\$4edt$aRiedl, Josef Anton$1http://www.wikidata.org/entity/Q91715$924459
=700  \\$4edt$aKowal-Wolk, Larissa$d-1956$924460
=942  \\$cBOO
=952  \\$00$10$2ddc$40$6REF_4_000000000000000_HART$70$8REF$921606$aORPH$bORPH$cKM12_1$d2022-06-22$l0$oREF4 HART$p20139007$r2022-06-22 00:00:00$w2022-06-22$yBOO
=999  \\$d20875

