=LDR  02322nam a22002297a 4500
=001  20876
=008  220622s2018\\\\|||c||||\||||\00|\idger\d
=041  \\$ager
=100  \\$4aut$4edt$aGoebl-Streicher, Uta$1http://www.wikidata.org/entity/Q104322982$911170
=245  \\$aFrédéric Chopin:$bEinblicke in Unterricht und Umfeld. Die Briefe seiner Lieblingsschülerin Friederike Müller, Paris 1839-1845
=260  \\$aMunchen$aSalzburg$bKatzbichler$c2018
=300  \\$a640 pages
=490  \\$aMusikwissenschaftliche Schriften$v51
=520  \\$aFriederike Müller, a pianist from Vienna, travels in 1839 to Paris with her aunt and becomes élève de prédilection, one of the select students, of Frédéric Chopin. She studied with Chopin over the years 1839 – 1845. In a dense but very readable correspondence she reports back to two aunts in Vienna about her experience in Paris.

The uniqueness of this document lies in the fact that Friederike reports weekly, and even in the heat of the moment, on her lessons and conversations with Chopin as well as on her encounters and activities in Paris. The letters, which are written in a mix of German and French, also provide an interesting insight in the exchanges between the Paris and Vienna musical scenes and how they compare in the eyes of this witty and observant young woman.

Friederike gave her first public concert in Vienna in 1841. In 1841, the composer dedicated his Allegro de Concert opus 46 to her. Her destiny became very much intertwined with the history of the Streicher family; in 1849 she married Johann Baptist Streicher, son of Nannette and Andreas Streicher and then head of the Streicher piano building enterprise, who was recently widowed from his first wife Auguste.
=600  \0$aChopin, Frédéric$d1810-1849$1http://www.wikidata.org/entity/Q1268$916495
=600  \0$aMüller, Friederike$d1816-1895$1http://www.wikidata.org/entity/Q15451236$924462
=650  \0$aPianist$1http://www.wikidata.org/entity/Q486748$92959
=650  \0$aMusic education$1http://www.wikidata.org/entity/Q27908$921766
=650  \0$aCorrespondence$1http://www.wikidata.org/entity/Q1784733$921392
=942  \\$cBOO
=952  \\$00$10$2ddc$40$6BIO_CHOP_B$70$8BIO$921607$aORPH$bORPH$cKTS1_P$d2022-05-20$l0$oBIO CHOP b$p20139008$r2022-06-22 00:00:00$v50.00$w2022-06-22$yBOO
=999  \\$d20876

