=LDR  01063ncm a22002177a 4500
=001  20877
=008  220622s2019\\\\|||||l||\||||\00|\0\fre\d
=020  \\$a9790707034774
=041  \\$afre
=100  \\$4cmp$aCharpentier, Marc-Antoine$d1643-1704$1http://www.wikidata.org/entity/Q55524$910169
=245  \\$aMusiques pour les comédies de Molière
=260  \\$aVersailles$bCentre de musique baroque de Versailles$c2019
=300  \\$acxl-313 pages
=505  \\$gLa Comtesse d'Escarbagnas - Le Mariage forcé [H.494]
Le Malade imaginaire [H.495, 495a, 495b]
Le Sicilien [H.497]
Le Dépit amoureux [H.498]
=600  \0$aMolière$d1622-1673$1http://www.wikidata.org/entity/Q687$95673
=650  \0$aMusic theater$1http://www.wikidata.org/entity/Q96394452$92065
=650  \0$aChoir$1http://www.wikidata.org/entity/Q131186$93338
=650  \0$aString orchestra$1http://www.wikidata.org/entity/Q1090674$92946
=942  \\$cSCO
=952  \\$00$10$2ddc$40$6SCO_CHAR$70$8SCO$921608$aORPH$bORPH$cKTS1_P$d2022-06-22$l0$oSCO CHAR$p20139009$r2022-06-22 00:00:00$w2022-06-22$ySCO
=999  \\$d20877

