=LDR  04835nam a2200409 a 4500
=001  20878
=005  20250925143308.0
=008  880119s1988\\\\be\\\\\\\\\\\||||\||fre\\
=020  \\$a2800409355
=040  \\$aOI
=041  \\$afre
=100  \\$4dte$aWangermée, Robert$d1920-2019$1http://www.wikidata.org/entity/Q3436530$917395
=245  00$aMusique et société :$cHommages à Robert Wangermée
=260  \\$aBrussels$bULB$c1988
=300  \\$a278 pages
=490  0\$aULB. Faculté de philosophie et lettres. Art et archéologie$v101
=504  \\$aIncludes bibliography
=505  \\$gRobert Wangermée, musicologue aux parcours multiples / H. Vanhulst -- Bibliographie de Robert Wangermée / M. Haine -- Chant liturgique et chanson profane au Moyen Âge / M. Huglo -- La diffusion des éditions de musique polyphonique dans les anciens Pays-Bays à la fin du XVIe et au début du XVIIe siècle / H. Vanhulst -- Monsieur Maghis et l'École de musique de l'Hospice des Orphelins de Liège. Esquisse socio-musicologique / J. Quittin -- Mentalité et esthétique. L'exemple rococo : de la frivolité à la grâce / J. Weisgerber -- Berlioz pendant l'année de la Symphonie fantastique / P. A. Bloom -- Un débat sur les théâtres lyriques en France en 1849 / F. Lesure -- Concerts historiques dans la seconde moitié du XIXe siècle / M. Haine -- Musique et espace chez Kandinsky. À propos du « Spirituel dans l'Art » / P. Hadermann -- Les fonctions sociales de la musique / I. Supicic -- Création musicale autonome et (non) évidence sociale / C. Deliège -- Esquisse d'une sociologie de certaines musiques contemporaines et de leurs auteurs / H. Sabbe -- Expansion culturelle et retombée économique / H. Pousseur -- Science, technique et instruments de musique dans la société contemporaine / D. Bariaux -- Comportement d'écoute et pratique musicale : rapports et mutations avec considération particulière des médias techniques / I. Bontinck -- Les concerts et leurs publics / R. Bouillin-Dartevelle -- Grande musique - haute culture - petit écran / G. Thoveron -- Tabula Gratulatoria -- Table des matières
=520  \\$aCe volume rassemble 18 contributions musicologiques et sociologiques éditées en à l'occasion de la retraite de Robert Wangermée comme professeur de musicologie de lUniversité Libre de Bruxelles. H. Vanhulst retrace la carrière de R. Wangermée et étudie la diffusion des éditions de musique polyphonique dans les anciens Pays-Bas. José Quitin présente Monsieur Magis et lÉcole de musique à Liège. J. Weisgerber étudie l'esthétique du rococo. P. Bloom se penche sur Berlioz et sa Symphonie fantastique. F. Lesure examine un débat sur les théâtres lyriques en France en 1849. Malou Haine établit la bibliographie des travaux de Robert Wangermée et étudie les concerts historiques en France dans la seconde moitié du XIXe siècle. P. Hadermann discute de musique et de space chez Kandinsky. I. Supicic expose les fonctions sociales de la musique. C. Deliège examine la création musicale. H. Saabe établit une esquisse dune sociologie de certaines musiques contemporaines. H. Pousseur examine l'expansion culturelle et ses retombées économiques. D. Bariaux présente les aspects scientifiques et techniques des instruments de musique dans la société contemporaine. I. Bontinck aborde le comportement découte dans la pratique musicale. Enfin, G. Thoveron met en parallèle la Grande musique et le petit écran.
=600  \0$aBerlioz, Hector$d1803-1869$1http://www.wikidata.org/entity/Q1151$99542
=648  \0$aMiddle Ages (500-1400)$1http://www.wikidata.org/entity/Q12554$920964
=648  \0$aRenaissance (1400-1600)$1http://www.wikidata.org/entity/Q4692$920965
=648  \0$a18th Century (1701-1800)$1http://www.wikidata.org/entity/Q7015$920899
=648  \0$a19th Century (1801-1900)$1http://www.wikidata.org/entity/Q6955$920935
=648  \0$a20th Century (1901-2000)$1http://www.wikidata.org/entity/Q6927$920936
=650  \0$aChurch music$1http://www.wikidata.org/entity/Q8812109$92283
=650  \0$aSong$1http://www.wikidata.org/entity/Q7366$94164
=650  \0$aMusic printing$1http://www.wikidata.org/entity/Q64416036$94007
=650  \0$aMusical style$1http://www.wikidata.org/entity/Q11921029$92421
=650  \0$aRococo$1http://www.wikidata.org/entity/Q122960$924470
=651  \0$aEurope$1http://www.wikidata.org/entity/Q46$991
=700  1\$aVanhulst, Henri$4edt
=700  1\$aHaine, Malou$4edt
=942  \\$cBOO
=952  \\$00$10$2ddc$40$6REF_4_000000000000000_WANG$70$8REF$917658$aORPH$bORPH$cKM12_1$d2021-11-23$oREF4 WANG$p20134433$r2021-01-12 00:00:00$w2021-01-12$yBOO
=952  \\$00$10$2ddc$40$6REF_4_000000000000000_WANG$70$8REF$921609$aORPH$bORPH$cKM12_1$d2022-06-27$l0$oREF4 WANG$p20131668$r2022-06-27 00:00:00$w2022-06-27$yBOO
=999  \\$d20878

