=LDR  01220cam a2200277   4500
=001  20879
=005  20250227082512.0
=008  740903s1938\\\\nyug\\\\\\\\\\001\0\eng\\
=040  \\$aOI
=041  \\$aeng
=100  \\$aParry, Hubert$d1848-1918$4aut$1http://www.wikidata.org/entity/Q354250$924471
=245  14$aThe Music of the Seventeenth Century
=250  \\$aRev. ed.
=260  \\$aLondon$aNew York$aToronto$bOxford University Press$c1938
=300  \\$axii-486 pages$bmusic$c22 cm
=490  0\$aThe Oxford History of Music$v3
=534  \\$cOxford: Clarendon, 1902
=590  \\$aWith Revisions and and Introductory Note by Edward J. Dent
=648  \0$a17th Century (1601-1700)$1http://www.wikidata.org/entity/Q7016$920923
=650  \0$aMusic history$1http://www.wikidata.org/entity/Q846047$921373
=650  \0$aMusical analysis$1http://www.wikidata.org/entity/Q1544924$92775
=651  \0$aEurope$1http://www.wikidata.org/entity/Q46$991
=700  \\$4dub$4win$aDent, Edward J.$d1876-1957$1http://www.wikidata.org/entity/Q1292053$910454
=942  \\$cBOO
=952  \\$00$10$2ddc$40$6GHM_5_000000000000000$70$8GHM$921610$aORPH$bORPH$cKM12_1$d2022-06-27$l0$oGHM5$p20131669$r2022-06-27 00:00:00$w2022-06-27$yBOO
=999  \\$d20879

