=LDR  01206nam a2200289 a 4500
=001  20881
=003  OI
=005  20250925143308.0
=008  000710s1996\\\\be\\\\\|r\\\\|000\||fre|d
=020  \\$a2870096062
=040  \\$aOI
=041  \\$afre
=100  1\$aCollaer, Paul,$d1891-1989$4rcp
=245  10$aCorrespondance avec des amis musiciens
=260  \\$aSprimont$bMardaga$c1996
=300  \\$a479 pages$billustrations
=490  0\$aMusique, musicologie
=561  \\$aHandwritten dedication from Robert Wangermée to Robert van Swieten; ex libris Bruno Forment (manuscript)
=590  \\$aPrésentée et annotée par Robert Wangermée
=648  \0$a20th Century (1901-2000)$1http://www.wikidata.org/entity/Q6927$920936
=650  \0$aComposer$1http://www.wikidata.org/entity/Q36834$93625
=650  \0$aConcert$1http://www.wikidata.org/entity/Q182832$921044
=651  \0$aBrussels (Belgium)$1http://www.wikidata.org/entity/Q239$937
=700  \\$aWangermée, Robert$d1920-2019$4edt$1http://www.wikidata.org/entity/Q3436530$917395
=942  \\$cBOO
=952  \\$00$10$2ddc$40$6BIO_COLL_A$70$8BIO$921612$aORPH$bORPH$cKTS1_P$d2022-06-30$l0$oBIO COLL a$p20139023$r2022-06-30 00:00:00$w2022-06-30$yBOO
=999  \\$d20881

