=LDR  01080nam a22002297a 4500
=001  20882
=008  220630s2007\\\\|||a||||\||||\00|\0bdut\d
=041  \\$adut
=100  \\$4aut$aFrançois, Peter$924479
=245  \\$aAh ! Le métier de donneur de concerts !$bAdrien François Servais (1807-1866) als rondreizend cellovirtuoos
=260  \\$aHalle$bvzw Servais$c2007
=300  \\$a192 pages
=600  \0$aServais, Adrien-François$d1807-1866$1http://www.wikidata.org/entity/Q376633$924480
=648  \0$a19th Century (1801-1900)$1http://www.wikidata.org/entity/Q6955$920935
=650  \0$aInstrumentalist$1http://www.wikidata.org/entity/Q1278335$921706
=650  \0$aCello$1http://www.wikidata.org/entity/Q8371$92688
=650  \0$aComposer$1http://www.wikidata.org/entity/Q36834$93625
=650  \0$aTravel$1http://www.wikidata.org/entity/Q61509$94440
=651  \0$aEurope$1http://www.wikidata.org/entity/Q46$991
=942  \\$cBOO
=952  \\$00$10$2ddc$40$6BIO_SERV_E$70$8BIO$921613$aORPH$bORPH$cKTS1_P$d2022-06-30$l0$oBIO SERV e$p20139022$r2022-06-30 00:00:00$w2022-06-30$yBOO
=999  \\$d20882

