=LDR  01041acm a2200217   4500
=001  20884
=008  220712b\\\\\\\\|||||le|\||||\00|\0\fre\d
=059  \\$avn
=100  \\$4cmp$aSchobert, Johann$d1720-1767$95141
=245  \\$aIV Sonates pour le Clavecin avec Accompagnement de Violon$bOp. 17
=300  \\$a9 pages
=500  \\$aviolin part only
=501  \\$aSix Sonates pour le Clavecin avec Accompagnement de Violon
=590  \\$aPar Mr. Schobert, Claveciniste de S. A. A. Monseigneur Le Prince de Conty
=648  \0$a18th Century (1701-1800)$1http://www.wikidata.org/entity/Q7015$920899
=650  \0$aSonata$1http://www.wikidata.org/entity/Q131269$921653
=650  \0$aInstrumental music$1http://www.wikidata.org/entity/Q639197$92106
=773  0\$aHonauer, Leontzi$tSix sonates pour le clavecin avec accompagnement de violon$w355$dLondon Welcker s.d. (1761 or later)
=942  \\$cSCO
=952  \\$00$10$2ddc$40$602G23$70$8RAR$921620$aORPH$bORPH$cKTS1_C2$d2022-07-12$eKoopman$l0$o02G23$p20139072b$r2022-07-12 00:00:00$w2022-07-12$ySCO
=999  \\$d20884

