=LDR  02095cam a2200337 i 4500
=001  20885
=005  20250120120609.0
=008  211023s2021\\\\gw\a\\\\\b\\\\000\0\mul\d
=010  \\$a  2021449016
=020  \\$a3837652874$qpaperback
=020  \\$a9783837652871$qpaperback
=041  \\$aeng$ager
=245  00$aKnowing in Performing:$bArtistic Research in Music and the Performing Arts
=260  \\$aBielefeld$bTranscript$c2021
=300  \\$a224 pages
=490  0\$aEinzelveröffentlichungen Kulturwissenschaften$vvol. 132
=504  \\$aIncludes bibliographical references.
=520  \\$aHow can performing be transformed into cognition? Knowing in Performing describes dynamic processes of artistic knowledge production in music and the performing arts. Knowing refers to how processual, embodied, and tacit knowledge can be developed from performative practices in music, dance, theatre, and film. By exploring the field of artistic research as a constantly transforming space for participatory and experimental artistic practices, this anthology points the way forward for researchers, artists and decision-makers inside and outside universities of the arts.
=546  \\$a9 English, 4 German contributions.
=650  \0$aArtistic research$1http://www.wikidata.org/entity/Q20827087$921804
=650  \0$aMusicology$1http://www.wikidata.org/entity/Q164204$93925
=650  \0$aPerforming arts$1http://www.wikidata.org/entity/Q184485$924526
=700  \\$aHuber, Annegret$4edt$924527
=700  \\$aIngrisch, Doris$4edt$1http://www.wikidata.org/entity/Q95190103$918353
=700  \\$aKaufmann, Therese$4edt$924528
=700  \\$aKretz, Johannes$d-1968$4edt$1http://www.wikidata.org/entity/Q88701$924529
=700  \\$aSchröder, Gesine$d1957-$4edt$1http://www.wikidata.org/entity/Q23411419$924530
=700  \\$aZembylas, Tasos$4edt$1http://www.wikidata.org/entity/Q2395153$924531
=942  \\$cBOO
=952  \\$00$10$2ddc$40$6MTP_3_000000000000000_HUBE$70$8MTP$921621$aORPH$bORPH$cKM12_1$d2022-06-16$l1$oMTP3 HUBE$p20139120$r2024-03-14 00:00:00$s2023-02-10$v39.00$w2022-06-16$yBOO
=999  \\$d20885

