=LDR  01436nam a22001817a 4500
=001  20886
=008  220725r19981958||||||||\||||\00|\0\eng\d
=041  \\$aeng
=100  \\$4aut$aArendt, Hannah$d1906-1975$1http://www.wikidata.org/entity/Q60025$918387
=245  \\$aThe Human Condition
=250  \\$a2nd ed.
=260  \\$aChicago$aLondon$bUniversity of Chicago$c1998
=300  \\$axx-349 pages
=520  \\$aThe Human Condition, first published in 1958, is Hannah Arendt's account of how "human activities" should be and have been understood throughout Western history. Arendt is interested in the vita activa (active life) as contrasted with the vita contemplativa (contemplative life) and concerned that the debate over the relative status of the two has blinded us to important insights about the vita activa and the way in which it has changed since ancient times. She distinguishes three sorts of activity (labor, work, and action) and discusses how they have been affected by changes in Western history. The Human Condition was first published in 1958. A second edition, with an introduction by Margaret Canovan, was issued in 1998. The work consists of a prologue and six parts.
=700  \\$4win$aCanovan, Margaret$1http://www.wikidata.org/entity/Q6759246$924532
=942  \\$cBOO
=952  \\$00$10$2ddc$40$6PHI_AREN_A$70$8PHI$921622$aORPH$bORPH$cKM12_3_2$d2022-07-25$l0$oPHI AREN a$p20137445$r2022-07-25 00:00:00$w2022-07-25$yBOO
=999  \\$d20886

