=LDR  02172cam a22003134a 4500
=001  20887
=005  20250821151726.0
=008  060317r20061963nyu\\\\\\b\\\\001\0\eng\\
=020  \\$a0143039881
=020  \\$a9780143039884
=041  \\$aeng
=100  \\$aArendt, Hannah$d1906-1975$4aut$1http://www.wikidata.org/entity/Q60025$918387
=245  10$aEichmann in Jerusalem:$bA Report on the Banality of Evil
=260  \\$aNew York$bPenguin Books$c2006
=300  \\$axxiii-312 pages
=504  \\$aIncludes bibliographical references (p. [299]-303) and index.
=520  \\$aEichmann in Jerusalem: A Report on the Banality of Evil is a 1963 book by political thinker Hannah Arendt. Arendt, a Jew who fled Germany during Adolf Hitler's rise to power, reported on the trial of Adolf Eichmann, one of the major organizers of the Holocaust, for The New Yorker. A revised and enlarged edition was published in 1964. Arendt's subtitle famously introduced the phrase "the banality of evil". In part the phrase refers to Eichmann's deportment at the trial as the man displayed neither guilt for his actions nor hatred for those trying him, claiming he bore no responsibility because he was simply "doing his job" ("He did his ‘duty'...; he not only obeyed 'orders', he also obeyed the 'law'."p. 135).
=534  \\$cNew York: Viking Press, 1963
=600  \0$aEichmann, Adolf$d1906-1962$1http://www.wikidata.org/entity/Q28085$924534
=650  \0$aJournalism$1http://www.wikidata.org/entity/Q11030$921960
=650  \0$aHolocaust$1http://www.wikidata.org/entity/Q2763$924535
=650  \0$aCrescendo$1http://www.wikidata.org/entity/Q2347888$922787
=650  \0$aLaw$1http://www.wikidata.org/entity/Q7748$93727
=700  \\$4win$aElon, Amos$1http://www.wikidata.org/entity/Q329124$924533
=856  \\$uhttp://www.loc.gov/catdir/enhancements/fy0716/2006044776-b.html$3Contributor biographical information
=856  \\$uhttp://www.loc.gov/catdir/enhancements/fy0716/2006044776-d.html$3Publisher description
=942  \\$cBOO
=952  \\$00$10$2ddc$40$6PHI_AREN_A$70$8PHI$921623$aORPH$bORPH$cKM12_3_2$d2022-07-25$l0$oPHI AREN a$p20139121$r2022-07-25 00:00:00$w2022-07-25$yBOO
=999  \\$d20887

