=LDR  02189cam a2200277 i 4500
=001  20888
=005  20251001162314.0
=008  160601s2016\\\\it\ag\\\\b\\\\000\0beng\d
=020  \\$a9788822264473
=020  \\$a8822264479
=041  \\$aeng
=100  \\$aSchwartz, Arman$4aut$924536
=245  10$aPuccini's Soundscapes:$bRealism and Modernity in Italian Opera
=260  \\$aFlorence$bOlschki$c2016
=300  \\$ax-179 pages$billustrations, music
=490  \\$aPremio Rotary Giacomo Puccini ricerca$v2
=504  \\$aIncludes bibliographical references (pages 169-177).
=520  \\$aFrom the bells in Tosca and the birdcalls in Madame Butterfly to the horns and sirens in Il tabarro and the music box melodies that inspired Turandot, Puccini’s operas rely to an unprecedented degree on realistic and seemingly unmediated acoustic objects. Focusing on this pervasive if little discussed aspect of the composer’s art, Puccini’s Soundscapes uses the twin categories of sound and realism to rethink the shape of Puccini’s career, and to offer new interpretations of many of his major works, as well as those of his contemporaries. It asks how Italian composers responded to some of the fundamental transformations of auditory culture during the fin-de-siècle, and resituates their works within the discourses (aesthetic, political, and technological) of Italian modernity. Proposing a dialogue between musicology and sound studies, Puccini’s Soundscapes offers new ways of listening to major artistic movements from Naturalism to Futurism, and asks how late Romantic opera might contribute to a broader statement of the values of musical modernism.
=600  \0$aPuccini, Giacomo$d1858-1924$1http://www.wikidata.org/entity/Q7311$917975
=650  \0$aOpera
=650  \0$aCuckoo$1http://www.wikidata.org/entity/Q18845$922474
=650  \0$aMusic history$1http://www.wikidata.org/entity/Q846047$921373
=650  \0$aMusic philosophy and aesthetics$1http://www.wikidata.org/entity/Q2092865$921165
=942  \\$cBOO
=952  \\$00$10$2ddc$40$6BIO_PUCC_E$70$8BIO$921624$aORPH$bORPH$cKTS1_P$d2022-07-12$l1$oBIO PUCC e$p20139122$r2024-08-20 00:00:00$s2024-06-13$w2022-07-12$yBOO
=999  \\$d20888

