=LDR  01912cam a22002414i 4500
=001  20889
=005  20251003085500.0
=008  121024s2012\\\\it\ag\\\\bc\\\000\0\ita\c
=020  \\$a9788822258694
=020  \\$a882225869X
=041  \\$aita
=100  \\$aSardelli, Federico Maria$4aut$1http://www.wikidata.org/entity/Q612194$924537
=245  10$aCatalogo delle concordanze musicali vivaldiane
=260  \\$aFlorence$bOlschki$c2012
=300  \\$acxlvii-240 pages$billustrations, music
=490  \\$aStudi di musica veneta. Quaderni vivaldiani$v16
=520  \\$aA catalogue of Vivaldi's musical concordances, i.e., an inventory and synoptic view of all the musical loci communes in Vivaldi's oeuvre: from whole pieces down to small fragments, themes, phrases and musical ideas circulating within his vast opus and - sometimes - outside it, in composers from whom Vivaldi drew or who drew from Vivaldi. Its hundreds of cross-references and concordances of varying degrees draw a map of Vivaldi's language, his chronological evolution, and his creative and stylistic choices.

The volume is divided into two parts: the Introduction, which lays the epistemological foundations of the concordance system, and the actual Catalog. A new tool is thus offered to tackle problems of dating and chronology, of attribution and identification, of the study of creative periods and of Vivaldi's compositional method. The author, responsible for the Ryom Catalog, updated the essay with the most recent catalog acquisitions.
=600  \0$aVivaldi, Antonio$d1678-1741$1http://www.wikidata.org/entity/Q1340$911980
=650  \0$aCatalogue$1http://www.wikidata.org/entity/Q2352616$921484
=650  \0$aMusicology$1http://www.wikidata.org/entity/Q164204$93925
=942  \\$cBOO
=952  \\$00$10$2ddc$40$6BIO_VIVA_C$70$8BIO$921625$aORPH$bORPH$cKTS1_P$d2022-07-12$l0$oBIO VIVA c$p20139123$r2022-07-25 00:00:00$w2022-07-12$yBOO
=999  \\$d20889

