=LDR  02094cam a22002657a 4500
=001  20890
=005  20250120120609.0
=008  101026s2010\\\\it\afh|\\b\\\\001\0\mul\d
=020  \\$a9788822259868
=041  0\$aeng$aita
=100  \\$aCamerota, Filippo$d-1960$4aut$4edt$1http://www.wikidata.org/entity/Q108524147$924538
=245  10$aLinear perspective in the age of Galileo:$bLodovico Cigoli's Prospettiva pratica
=260  \\$aFlorence$bOlschki$c2010
=300  \\$axx-359-[19] pages
=490  0\$aBiblioteca di Galilæana$v1
=504  \\$aIncludes bibliographical references and index.
=505  00$tCigoli and the art of "divine" sight /$rMartin Kemp --$tThe Prospettiva pratica and Cigoli's reputation /$rMiles Chappell --$tCigoli's "master in perspective" --$tThe manuscript --$tCigoli's contribution to the codifying of Renaissance perspective --$tCriteria of transcription --$tProspettiva pratica.$tManuscript 2660 a in the Gabinetto dei Disegni e delle Stampe degli Uffizi :$ttranscription and notes.
=520  \\$aLudovico Cigoli's 'Prospettiva pratica' (Practical Perspective) is both a work of artistic literature and an extraordinary scientific document on the role attributed to the representation of the visible world in Galileo's research. Composed by one of the painters closest to Galileo in the years of the great astronomical discoveries (1610-1613), the treatise illustrates decisive themes for perspective drawing, from orthogonal projections to shadow projection, from theatrical scenes to the use of mechanical instruments.
=546  \\$aIncludes the original Italian text of Ludovico Cigoli's Prospettiva pratica with introduction and commentary in English and English translations.
=600  \0$aCigoli, Ludovico Cardi da$d1559-1613$1http://www.wikidata.org/entity/Q928350$924539
=650  \0$aArchitecture$1http://www.wikidata.org/entity/Q12271$93185
=700  \\$aFrost, Catherine$4trl$924540
=942  \\$cBOO
=952  \\$00$10$2ddc$40$6BIO_CIGO_E$70$8BIO$921626$aORPH$bORPH$cKTS1_P$d2022-07-12$oBIO CIGO e$p20139124$r2022-07-25 00:00:00$w2022-07-12$yBOO
=999  \\$d20890

