=LDR  01639cam a22002774a 4500
=001  20891
=005  20250120120609.0
=008  091016s2009\\\\it\a\\\\\b\\\\101\0\eng\d
=020  \\$a9788822258526
=041  0\$aeng$aita
=245  00$aMemory and Invention:$bMedieval and Renaissance Literature, Art and Music
=260  \\$aFlorence$bOlschki$c2009
=300  \\$axix-175 pages
=490  0\$aVilla I Tatti, The Harvard University Center for Italian Renaissance Studies$v24
=504  \\$aIncludes bibliographical references and index.
=520  \\$aIn recent years, it has become increasingly clear how closely the art of memory is linked to compositional processes in literature, art and music. These essays investigate why and which materials have or have not been memorised through splitting and classifying or through visual diagrams, and which texts or patterns have been reworked into new works or reinterpreted in new ways.
=546  \\$aContributions in English and Italian.
=590  \\$aActs of an international conference, Florence, Villa I Tatti, May 11, 2006
=650  \0$aMemory$1http://www.wikidata.org/entity/Q492$921472
=650  \0$aMnemonics$1http://www.wikidata.org/entity/Q191062$924541
=650  \0$aCuckoo$1http://www.wikidata.org/entity/Q18845$922474
=700  \\$aRossi, Massimiliano$d-1964$4edt$1http://www.wikidata.org/entity/Q31202800$924542
=700  \\$aBerger, Anna Maria Busse$4edt$1http://www.wikidata.org/entity/Q4767287$924543
=942  \\$cBOO
=952  \\$00$10$2ddc$40$6GHM_3_000000000000000$70$8GHM$921627$aORPH$bORPH$cKM12_1$d2022-07-12$oGHM3$p20139125$r2022-07-25 00:00:00$w2022-07-12$yBOO
=999  \\$d20891

