=LDR  01765cam a2200277 i 4500
=001  20892
=005  20251027141427.0
=008  190213s2018\\\\it\ac\\\\bc\\\001\0cita\d
=020  \\$a9788822263490
=041  \\$aita
=245  02$aI ritratti del Museo della musica di Bologna:$bda padre Martini al Liceo musicale
=260  \\$aFlorence$bOlschki$c2018
=300  \\$axvii-681 pages
=490  \\$aHistoriae Musicae Cultores$x0073-2516$v129
=504  \\$aIncludes bibliographical references (pages 639-676) and indexes.
=520  8\$aThe catalogue, which is the result of the joint work of art and music historians, analytically describes the history and content of the collection of portraits of musicians started around 1770 by the Franciscan musicographer Giambattista Martini and continued in the 19th and 20th centuries, today in the Music Museum of the city of Bologna. Among the 312 paintings are famous portraits of Zarlino, Caldara, Porpora, Farinelli, Gluck, J.C. Bach, Mozart, Isabel Colbran, Lord Burghersh, Rossini, Martucci, M.E. Bossi.
=650  \0$aMusic history$1http://www.wikidata.org/entity/Q846047$921373
=650  \0$aCatalogue$1http://www.wikidata.org/entity/Q2352616$921484
=650  \0$aPortrait$1http://www.wikidata.org/entity/Q134307$92622
=650  \0$aComposer$1http://www.wikidata.org/entity/Q36834$93625
=650  \0$aMusician$1http://www.wikidata.org/entity/Q639669$93574
=700  \\$aBianconi, Lorenzo$4aut$4edt$1http://www.wikidata.org/entity/Q26267187$914646
=700  \\$aMartini, Giovanni Battista$d1706-1784$4col$1http://www.wikidata.org/entity/Q283651$95397
=942  \\$cBOO
=952  \\$00$10$2ddc$40$6VIS_BIAN$70$8VIS$921628$aORPH$bORPH$cKTS1_H$d2022-07-12$oVIS BIAN$p20139126$r2022-07-25 00:00:00$w2022-07-12$yBOO
=999  \\$d20892

