=LDR  02171nam a22002537a 4500
=001  20893
=005  20251001162314.0
=008  220726s2008\\\\||||||||\||||\00|\0\ger\d
=020  \\$a9783895641282
=041  \\$ager
=100  \\$4aut$aSanio, Sabine$1http://www.wikidata.org/entity/Q112390663$918719
=245  \\$a1968 und die Avantgarde:$bPolitisch-ästhetische Wechselwirkungen in der westlichen Welt
=250  \\$a1st ed.
=260  \\$aSinzig$bStudio$c2008
=300  \\$a135 pages
=520  \\$athis study focuses on some of the presuppositions of what changed the arts and lifestyles in the last third of the 20th century. It traces the (strongly French-influenced) idea of "revolutionising everyday life", the impulsive concepts of the Surrealists and Dadaists as well as the migration of "situationist" strategies. She praises everything that came across the ocean with John Cage or Nam June Paik in terms of de-hierarchisation and the idea of democratisation in art. Also parallel movements in the European avant-garde to developments in the USA - especially the connections between musical innovations (exemplary: Mauricio Kagel and Dieter Schnebel) and those in the visual arts. Regardless of the current occasion, a central field of modernist aesthetics is outlined - and the engagement in it. Finally, a counterpoint: a conversation with the Viennese literary and cultural scholar Helmut Lethen, one of the activists of the student movement in West Berlin. Lethen takes a sceptical look at the 'avant-gardes' - those of music as well as the political ones.
=590  \\$a'Fantasia contrappuntistica' - Ein Gespräch mit Helmut Lethen; Vom Ton der Väter zum Sound der Söhne
=650  \0$aAvant-garde$1http://www.wikidata.org/entity/Q102932$921178
=650  \0$aAesthetics$1http://www.wikidata.org/entity/Q35986$921494
=650  \0$aMusic philosophy and aesthetics$1http://www.wikidata.org/entity/Q2092865$921165
=650  \0$aPolitics$1http://www.wikidata.org/entity/Q7163$921826
=942  \\$cBOO
=952  \\$00$10$2ddc$40$6GHM_7_000000000000000$70$8GHM$921629$aORPH$bORPH$cKM12_1$d2022-07-26$l0$oGHM7$p20139127$r2022-07-26 00:00:00$w2022-07-26$yBOO
=999  \\$d20893

