=LDR  02166nam a2200313 a 4500
=001  20894
=005  20250120120609.0
=008  770101s1973\\\\nyu\\\\|r\\\\|000\||eng|d
=020  \\$a9780156701532
=041  \\$aeng
=100  \\$aArendt, Hannah$d1906-1975$1http://www.wikidata.org/entity/Q60025$918387
=245  14$aThe Origins of Totalitarianism
=260  \\$aNew York$bHarcourt$c1973
=300  \\$axliii-527 pages
=490  0\$aHarvest books$v244
=504  \\$aBibliography: p. [483]-507.
=505  0\$aPt. 1. Antisemitism. Antisemitism as an outrage to common sense ; The Jews, the nation-state, and the birth of antisemitism ; The Jews and society ; The Dreyfus Affair.
=505  0\$aPt. 2. Imperialism. The political emancipation of the bourgeoisie ; Race-thinking before racism ; Race and bureaucracy ; Continental imperialism : the pan-movements ; The decline of the nation-state and the end of the rights of man.
=505  0\$aPt. 3. Totalitarianism. A classless society ; The totalitarian movement ; Totalitarianism in power ; Ideology and terror : a novel form of government.
=520  \\$aGenerally regarded as the definitive work on totalitarianism, this book is an essential component of any study of twentieth-century political movements. Arendt was one of the first to recognize that Nazi Germany and the Soviet Union were two sides of the same coin rather than opposing philosophies of Right and Left. & With the Origins of Totalitarianism Hannah Arendt emerges as the most original and profound-therefore the most valuable-political theoretician of our times.
=590  \\$aNew edition with added prefaces
=650  \0$aPolitics$1http://www.wikidata.org/entity/Q7163$921826
=650  \0$aPhilosophy$1http://www.wikidata.org/entity/Q5891$92357
=650  \0$aAntisemitism$1http://www.wikidata.org/entity/Q22649$93842
=650  \0$aImperialism$1http://www.wikidata.org/entity/Q7260$924544
=650  \0$aTourist Guide$1http://www.wikidata.org/entity/Q1039099$924545
=942  \\$cBOO
=952  \\$00$10$2ddc$40$6PHI_AREN_A$70$8PHI$921630$aORPH$bORPH$cKM12_3_2$d2022-07-26$l0$oPHI AREN a$p20139128$r2022-07-26 00:00:00$w2022-07-26$yBOO
=999  \\$d20894

