=LDR  01659nam a2200265 a 4500
=001  20895
=005  20251001162234.0
=008  970601s1968\\\\caua\\\|r\\\\|000\||eng|d
=020  \\$a0520014502
=041  \\$aeng
=100  \\$4aut$aChipp, Herschel Browning$1http://www.wikidata.org/entity/Q19753925$924546
=245  00$aTheories of Modern Art:$bA Source Book by Artists and Critics
=260  \\$aBerkeley, CA$bUniversity of California$c1968
=300  \\$axvi-664 pages
=490  \\$aCalifornia Studies in the History of Art$v11
=520  \\$aHerschel B. Chipp's Theories of Modern Art: A Source Book By Artists and Critics is a collection of texts from letters, manifestos, notes and interviews. Sources include, as the title says, artists and critics—some expected, like van Gogh, Gauguin, Apollinaire, Mondrian, Greenberg, just to name a few—and some less so: Trotsky and Hitler, in the section on Art and Politics. The book is a wonderful resource and insight into the way artists think and work. 
=648  \0$a20th Century (1901-2000)$1http://www.wikidata.org/entity/Q6927$920936
=650  \0$aAesthetics$1http://www.wikidata.org/entity/Q35986$921494
=650  \0$aPhilosophy$1http://www.wikidata.org/entity/Q5891$92357
=650  \0$aFine art$1http://www.wikidata.org/entity/Q219625$921579
=700  \\$aSelz, Peter$d1919-2019$4ctb$1http://www.wikidata.org/entity/Q2078300$924547
=700  \\$aTaylor, Joshua C.$d1917-1981$4ctb$1http://www.wikidata.org/entity/Q18935056$924548
=942  \\$cBOO
=952  \\$00$10$2ddc$40$6TRE_CHIP$70$8TRE$921631$aORPH$bORPH$cKTS1_H$d2022-07-26$l0$oTRE CHIP$p20139129$r2022-07-26 00:00:00$w2022-07-26$yBOO
=999  \\$d20895

