=LDR  01305cam a22002654a 4500
=001  20896
=005  20250120120349.0
=008  080228s2007\\\\it\g\\\\\b\\\\001\0dita\c
=020  \\$a9788822256881
=020  \\$a8822256883
=041  \\$aita
=100  \\$aMellace, Raffaele$d1969-$1http://www.wikidata.org/entity/Q112449909$912706
=245  12$aL'autunno del Metastasio:$bgli ultimi drammi per musica di Johann Adolf Hasse
=260  \\$aFlorence$bOlschki$c2007
=300  \\$a312 pages
=490  1\$aHistoriæ Musicæ Cultores$v110
=504  \\$aIncludes bibliographical references and index.
=520  \\$aThe book illustrates the last decade (1760-1771) in the production of Metastasio and Hasse: five dramas and three theatrical festivals commissioned by the imperial court and the courts of Saxony and Poland. 
=600  \0$aHasse, Johann Adolf$d1699-1783$1http://www.wikidata.org/entity/Q164732$94966
=600  \0$aMetastasio, Pietro$d1698-1782$1http://www.wikidata.org/entity/Q29473$96031
=650  \0$aOpera$1http://www.wikidata.org/entity/Q1344$92468
=650  \0$aLibretto$1http://www.wikidata.org/entity/Q131084$94031
=942  \\$cBOO
=952  \\$00$10$2ddc$40$6BIO_HASS2_E$70$8BIO$921632$aORPH$bORPH$cKTS1_P$d2022-07-12$l0$oBIO HASS2 e$p20139130$r2022-07-26 00:00:00$w2022-07-12$yBOO
=999  \\$d20896

