=LDR  01746nam a22002057a 4500
=001  20897
=005  20251001162234.0
=008  220726s2012\\\\||||||||\||||\00|\0\eng\d
=041  \\$aeng
=100  \\$4edt$aArkesteijn, Roel$924549
=245  \\$aOn Making Manifest:$bStatements by Artists at the HISK
=260  \\$aGhent$bHISK$c2012
=300  \\$a83 pages
=520  \\$aThe role of the manifesto in the life and work of artists has changed dramatically over the years, from proclamation to whisper, proscription to question. In these artist texts, the question of what the 'manifesto' form can be or offer in the contemporary art landscape is approached in myriad ways, questioned, and reinvented. 'On Making Manifest' brings together texts from eighteen artists in residence at the Higher Institute for Fine Arts in 2012. The project, begun as a conversation, quickly took on a life of its own, becoming not only an interesting collection of artists' words, but a document of a particular place and moment in the conversation which is contemporary art. Contributions by Clare Noonan, Meggy Rustamova, Sara Bjarland, Patrick Wokmeni, Jeroen Uyttendaele, Rebecca Armstrong, Ieva Epnere, Federico Acal, Katrin Kamrau, Conny Kuilboer, Erika Hock, Paulien Föllings, Hamza Halloubi, Andris Eglitis, Alice De Mont, Line Boogaerts, Odilon Pain, Joachim Coucke
=648  \0$a21st Century (2001-2100)$1http://www.wikidata.org/entity/Q6939$920812
=650  \0$aAesthetics$1http://www.wikidata.org/entity/Q35986$921494
=651  \0$aGhent (Belgium)$1http://www.wikidata.org/entity/Q1296$920924
=942  \\$cBOO
=952  \\$00$10$2ddc$40$6AES_ARKE$70$8AES$921634$aORPH$bORPH$cKM12_1$d2022-07-26$l0$oAES ARKE$p20139132$r2022-07-26 00:00:00$w2022-07-26$yBOO
=999  \\$d20897

