=LDR  02043nac a22002417a 4500
=001  20898
=005  20251001162314.0
=008  220726i19551962|||ag|||\||||\00|\0\ger\d
=041  \\$ager
=245  \\$aDie Reihe:$bInformation über serielle Musik$nVol. 1-8
=260  \\$aVienna$aZürich$aLondon$bUniversal$c1955-1962
=505  \\$gBand 1 "Elektronische Musik" (1955); Band 2 "Anton Webern" (1955): (1. Teil) Dokumente—Bekenntisse, (2. Teil) Erkenntnisse—Analysen; Band 3: "Musikalisches Handwerk" (1957); Band 4: "Junge Komponisten" (1958); Band 5: "Berichte—Analyse" (1957); Band 6: "Sprache und Musik" (1958); Band 7: "Form—Raum" (1960); Band 8: "Rückblicke" (1962)
=520  \\$aDie Reihe (German pronunciation: [diː ˈʀaɪ̯ə]) was a German-language music academic journal, edited by Herbert Eimert and Karlheinz Stockhausen and published by Universal Edition (Vienna) between 1955 and 1962 (ISSN 0486-3267). An English edition was published, under the original German title, between 1957 and 1968 by the Theodore Presser Company (Bryn Mawr) in association with Universal Edition (London) (ISSN 0080-0775). A related book series titled "Bücher der Reihe" was begun, but only one title ever appeared in it, Herbert Eimert's Grundlagen der musikalischen Reihentechnik.
=648  \0$a20th Century (1901-2000)$1http://www.wikidata.org/entity/Q6927$920936
=650  \0$aMusic history$1http://www.wikidata.org/entity/Q846047$921373
=650  \0$aMusic philosophy and aesthetics$1http://www.wikidata.org/entity/Q2092865$921165
=650  \0$aElectronic music$1http://www.wikidata.org/entity/Q9778$922014
=650  \0$aTechnology$1http://www.wikidata.org/entity/Q11016$921633
=700  \\$4edt$aEimert, Herbert$d1897-1972$1http://www.wikidata.org/entity/Q318631$924550
=700  \\$4edt$aStockhausen, Karlheinz$d1928-2007$1http://www.wikidata.org/entity/Q37546939$915865
=942  \\$cPER
=952  \\$00$10$2ddc$40$6PER_RE2$70$8PER$921635$aORPH$bORPH$cKM12_1$d2022-07-26$oPER RE2$p20139133$r2022-07-26 00:00:00$w2022-07-26$yPER
=999  \\$d20898

