=LDR  02100njm a22002657a 4500
=001  20899
=008  220726s2020\\\\||||||||\||||\00|\0\mul\d
=024  \\$a8436597700191
=041  \\$aspa$aeng
=245  \\$aSemina rerum:$bItalian baroque violin sonatas
=260  \\$aFerrol, ES$bIbs classical$c2020
=300  \\$aCD, 1:6:26
=505  \\$gFrancesco Maria VERACINI (1690-1768)
Sonata in d minor, op. 2,12 [14:57]
Giovanni Antonio PANDOLFI MEALLI (fl 1660-1669)
Sonata in d minor, op. 4,6 'La Vinciolina' [05:49]
Giovanni Battista FONTANA (c1589-c1630)
Sonata II in D [05:31]
Ignazio ALBERTINI (1644-1685)
Sonata No.1 in d minor [07:33]
Antonio CALDARA (1670-1736)
Sonata No.3 in A [05:12]
Antonio VIVALDI (1678-1741)
Sonata in d minor, op. 2,3 (RV 14) [08:14]
Francesco GEMINIANI (1687-1762)
Sonata in d minor, op. 4,8 [08:01]
Arcangelo CORELLI (1653-1713)
Sonata in d minor, op. 5,12 'La Folia' [10:50]
=520  \\$aThe meaning of the title is "the seeds of things". The programme wants to show the development of music for violin and basso continuo from the early 17th century to the first half of the 18th century. From that angle the title may have been chosen to show how the seeds of the pieces by the best-known composers included here - Corelli and Vivaldi - have been sown in the first decades of the 17th century and have then grown into what was written in the period that is known as the late Baroque.
=650  \0$aChamber music$1http://www.wikidata.org/entity/Q189201$92105
=650  \0$aViolin$1http://www.wikidata.org/entity/Q8355$92783
=650  \0$aViola d'amore$1http://www.wikidata.org/entity/Q742180$92104
=650  \0$aHarpsichord$1http://www.wikidata.org/entity/Q81982$92125
=650  \0$aSonata$1http://www.wikidata.org/entity/Q131269$921653
=700  \\$4prf$aAlonso, Roberto$924551
=700  \\$4prf$aGonzalez, Aglaya$924552
=700  \\$4prf$aGonzalez, Brais$924553
=942  \\$cREC
=952  \\$00$10$2ddc$40$6REC_CD_ALON_2020_000000000000000$70$8REC$921636$aORPH$bORPH$cKM12_2_B$d2022-07-26$l0$oREC CD ALON 2020$p20139134$r2022-07-26 00:00:00$w2022-07-26$yREC
=999  \\$d20899

