=LDR  00650nam a22001697a 4500
=001  20900
=008  220726s2012\\\\||||||||\||||\00|\p\eng\d
=041  \\$aeng
=100  \\$aArmstrong, Rebecca$4aut$924554
=245  \\$aHaving Asked to Make Manifest Was Made Only Words
=260  \\$bStonestreet$c2012$aGhent$aNew York$aDanville
=300  \\$a23 pages
=500  \\$aPrinted on the occasion of HISK Open Studios, May 11-14, 2012.
=650  \0$aPoetry$1http://www.wikidata.org/entity/Q482$93026
=942  \\$cBOO
=952  \\$00$10$2ddc$40$6AES_ARMS$70$8AES$921637$aORPH$bORPH$cKM12_1$d2022-07-26$l0$oAES ARMS$p20139135$r2022-07-26 00:00:00$w2022-07-26$yBOO
=999  \\$d20900

