=LDR  01897nac a22002417a 4500
=001  20901
=008  220726k20112012|||a||||\||||\00|\0\eng\d
=041  \\$aeng
=100  \\$4aut$4edt$aWoodworth, Fred$1http://www.wikidata.org/entity/Q5496598$924555
=245  \\$aThe Match!$bA Journal of Ethical Anarchism
=260  \\$aArizona$bWoodworth$c2011-12
=490  \\$vNo. 109-110
=500  \\$aThe Match is an anti-authoritarian Anarchist Journal by Fred Woodworth of Tucson, Arizona.
=500  \\$aFred Woodworth has been publishing his anarchist journal "The Match" independently on his own printing press since 1969- over 30 years. Using the term "ethical anarchism" to describe his brand of anarchism, he rejects any anarchist behavior that resembles that of which anarchists oppose (violence, vandalism, etc.) His publication is strongly commited to anarchist and atheist ideals. His writing is known for being strong, some even feel it's overly aggresive.
=500  \\$aWoodworth's regular columns ("Who the Police Beat", "Evil Empire Notes", "Crap Detector Compartment", among others) provide the readers with a new analysis and commentary on government, religion, police, technology, etc. every issue. He uses recent news from around the world to fuel his hatred of police, government, censorship, religion, or anything else that may be considered "authoritarian" (what anarchists believe describes anything opposite to freedom).
=500  \\$a2 issues
=650  \0$aPolitics$1http://www.wikidata.org/entity/Q7163$921826
=650  \0$aAnarchism$1http://www.wikidata.org/entity/Q6199$924556
=650  \0$aPhilosophy$1http://www.wikidata.org/entity/Q5891$92357
=650  \0$aCrescendo$1http://www.wikidata.org/entity/Q2347888$922787
=942  \\$cPER
=952  \\$00$10$2ddc$40$6PER_MA4$70$8PER$921638$aORPH$bORPH$cKM12_1$d2022-07-26$oPER MA4$p20139136$r2022-07-26 00:00:00$w2022-07-26$yPER
=999  \\$d20901

