=LDR  01446cam a2200313 i 4500
=001  20903
=005  20250120120224.0
=008  790716s1980\\\\inu\\\\\\b\\\\001\0\eng\\
=020  \\$a0253340756
=040  \\$aOI
=041  \\$aeng
=100  \\$aMeister, Barbara$4aut$924563
=245  10$aNineteenth-Century French Song:$bFauré, Chausson, Duparc, and Debussy
=260  \\$aBloomington, IN$bIndiana University Press$c1980
=300  \\$axiii-402 pages$bmusic examples$c24 cm
=500  \\$aIncludes index of 1st lines.
=504  \\$aBibliography: p. [399]
=561  \\$aEx libris Universiteitsbibliotheek Gent (stamp)
=600  \0$aFauré, Gabriel$d1845-1924$1http://www.wikidata.org/entity/Q104919$917990
=600  \0$aChausson, Ernest$d1855-1899$1http://www.wikidata.org/entity/Q312368$921995
=600  \0$aDuparc, Henri$d1848-1933$1http://www.wikidata.org/entity/Q364983$921993
=600  \0$aDebussy, Claude$d1862-1918$1http://www.wikidata.org/entity/Q4700$918776
=648  \0$a19th Century (1801-1900)$1http://www.wikidata.org/entity/Q6955$920935
=650  \0$aSong$1http://www.wikidata.org/entity/Q7366$94164
=650  \0$aMusical analysis$1http://www.wikidata.org/entity/Q1544924$92775
=651  \0$aFrance$1http://www.wikidata.org/entity/Q142$9131
=942  \\$cBOO
=952  \\$00$10$2ddc$40$6TOP_FR_6_000000000000000$70$8TOP$921640$aORPH$bORPH$cKTS0$d2022-08-02$l0$oTOP FR 6$p20139173$r2022-08-02 00:00:00$w2022-08-02$yBOO
=999  \\$d20903

