=LDR  01248nam a22002537a 4500
=001  20904
=005  20250925143308.0
=008  220804b\\\\\\\\|||oe|||\||||\00|\0\mul\d
=041  \\$afre$adut
=100  \\$4aut$aMeeùs, Nicolas$917391
=245  \\$aInrichtingsprojekt van de vroegere Old England-gebouwen = Le projet d'installation dans les anciens magasins Old England
=246  \1$aMusée Instrumental / Instrumenten Museum
=260  \\$aBrussels$bMusée Instrumental / Instrumenten Museum$bMinisterie van Openbare Werken. Regie der Gebouwen / Ministère des Travaux Publics. Régie des Bâtiments$cs.d.
=610  \0$aMusical Instruments Museum (Brussels, Belgium)$922388
=648  \0$a20th Century (1901-2000)$1http://www.wikidata.org/entity/Q6927$920936
=650  \0$aArchitecture$1http://www.wikidata.org/entity/Q12271$93185
=650  \0$aMusic$92062
=651  \0$aBrussels (Belgium)$1http://www.wikidata.org/entity/Q239$937
=700  \\$4aut$aVan Lerberghe, A.$924581
=700  \\$4aut$aAwouters, M.$99203
=700  \\$4aut$aTerlinden, Fr.$924582
=942  \\$cBOO
=952  \\$00$10$2ddc$40$6TOP_BE_BRU1_7_000000000000000$70$8TOP$921664$aORPH$bORPH$cKTS0$d2022-08-04$l0$oTOP BE.BRU1 7$p20139174$r2022-08-04 00:00:00$w2022-08-04$yBOO
=999  \\$d20904

