=LDR  00896nam a22002057a 4500
=001  20905
=005  20250925143308.0
=008  220804s2011\\\\|||o||||\||||\00|\0bmul\d
=041  \\$afre$adut
=100  \\$4edt$aMoere, Didier van$924583
=245  \\$aKarol Szymanowski
=250  \\$a2nd ed.
=590  \\$aSeconde édition de la brochure éditée à l'occasion de la présidence polonaise du Conseil de l'Union Européenne (juillet-décembre 2011)
=648  \0$a20th Century (1901-2000)$1http://www.wikidata.org/entity/Q6927$920936
=650  \0$aComposer$1http://www.wikidata.org/entity/Q36834$93625
=650  \0$aBiography$1http://www.wikidata.org/entity/Q36279$91927
=651  \0$aPoland$1http://www.wikidata.org/entity/Q36$996
=942  \\$cBOO
=952  \\$00$10$2ddc$40$6BIO_SZYM_D$70$8BIO$921665$aORPH$bORPH$cKTS1_P$d2022-08-04$l0$oBIO SZYM d$p20139175$r2022-08-04 00:00:00$w2022-08-04$yBOO
=999  \\$d20905

