=LDR  01932acc a2200217   4500
=001  20936
=008  220816b\\\\\\\\|||||l||\||||\00|\0\eng\d
=041  \\$aeng
=059  \\$akbd 4h vn vc
=100  \\$aKozeluch, Leopold$d1747-1818$4cmp$1http://www.wikidata.org/entity/Q693843$94782
=245  \\$a[Duets and Sonatas for Pianoforte or Harpsichord (and Accompaniment)]
=260  \\$aLondon$aEdinburgh
=500  \\$aLeopold Koželuch (1747-1818) was a Czech composer and music teacher. He left around 400 compositions. Koželuch's compositional output included sonatas and concertos for keyboard, the instrument in which he specialised, as well as chamber music, choral music and opera. His substantial output of keyboard compositions reflected the promotion of his reputation as a specialist keyboard virtuoso.
=505  \\$gA Duett for Two Performers on One Piano Forte or Harpsichord op. 4 -- A Duett for Two Performers on One Piano Forte or Harpsichord op. 19 -- Three Sonatas for the Piano Forte or Harpsichord with an Accompaniment for a Violin and Violoncello op. 21 -- Three Sonatas for the Piano Forte or Harpsichord with Accompaniments for a Violin and Violoncello op. 48 -- Three Sonatas for the Piano Forte or Harpsichord with an Accompanyment for a Violin ad libitum op. 23 -- Trois sonates pour le clavecin ou le forte piano op. 20 -- Three Sonatas for the Piano Forte with Accompaniments for a Violin & Violoncello op. 50
=648  \0$a18th Century (1701-1800)$1http://www.wikidata.org/entity/Q7015$920899
=650  \0$aChamber music$1http://www.wikidata.org/entity/Q189201$92105
=650  \0$aDuet$1http://www.wikidata.org/entity/Q109940$92394
=650  \0$aSonata$1http://www.wikidata.org/entity/Q131269$921653
=942  \\$cSCO
=952  \\$00$10$2ddc$40$6KTS_1_000000000000000_C2_34_08C08$70$8RAR$921734$aORPH$bORPH$cKTS1_C2$d2022-08-16$eKoopman$l0$oKTS1 C2.34 08C08$p20139333$r2022-08-16 00:00:00$w2022-08-16$ySCO
=999  \\$d20936

