=LDR  01114nam a22002057a 4500
=001  20941
=008  220822s1845\\\\||||||||\||||\00|\0\ger\d
=245  \\$aCatechismus das ist Unterricht in der wahren christlichen Religion
=260  \\$aZürich$bBürkli$c1845
=300  \\$a167 pages$bengraved title page
=501  \\$aBound in with 'Christliches Gesangbuch'
=561  \\$aEx libris Margaretha Uckerath von Nussbaumen 1851 (manuscript)
=590  \\$adurch Fragen und Antworten sammt den Zertheilungeneiner jeden Atwort und den Zeugnissen der heiligen Schrift, eingetheilt in 48 Sonntage durch das ganze Jahr
=648  \0$a19th Century (1801-1900)$1http://www.wikidata.org/entity/Q6955$920935
=650  \1$aCatechism$1http://www.wikidata.org/entity/Q189279$923882
=650  \0$aReligion$1http://www.wikidata.org/entity/Q9174$93062
=651  \0$aZürich (Switzerland)$1http://www.wikidata.org/entity/Q72$921130
=942  \\$cBOO
=952  \\$00$10$2ddc$40$6KTS_1_000000000000000_C2_36_X3C08B$70$921748$aORPH$bORPH$cKTS1_C2$d2022-08-22$eKoopman$l0$oKTS1 C2.36 X3C08b$p20139371b$r2022-08-22 00:00:00$w2022-08-22$yBOO
=999  \\$d20941

