=LDR  00986ncm a22001217a 4500
=001  20959
=008  220830b\\\\\\\\|||||l||\||||\00|\0\fre\d
=245  \\$a[Boismortier Collection]
=505  \\$gSonates à deux flûtes-traversières sans basse op. 1  -  Sonates à deux flûtes-traversières sans basse op. 2  - Sonates à deux flûtes-traversières sans basse op. 6 -  Sonates à deux flûtes-traversières sans basse op. 8 -  Petites sonates à deux flûtes traversières sans basse op. 13 - VI suites de pièces à deux muzettes. Qui conviennent aux vielles, flûtes-a-bec, traversières & hautbois op. 11 -  Sonates pour la flûte-traversière, avec la basse op. 3  -  Sonates pour la flûte-traversière, avec la basse op. 9 
=561  \\$aEx libris Monsier de Fougeres (manuscript)
=942  \\$cSCO
=952  \\$00$10$2ddc$40$6KTS_1_000000000000000_C2_37_08C26AH$70$8RAR$921779$aORPH$bORPH$cKTS1_C2$d2022-08-30$eKoopman$l0$oKTS1 C2.37 08C26a-h$p20139414$r2022-08-30 00:00:00$w2022-08-30$ySCO
=999  \\$d20959

