=LDR  01398ndm a22002417a 4500
=001  21026
=008  220919b\\\\\\\\|||||a||\||||\00|\0\fre\d
=041  \\$afre
=059  \\$akbd vn
=100  1\$4cmp$aCupis, Jean Baptiste$d1711-1788
=245  \\$aMenuet de Cupis Varié
=300  \\$a4 pages
=500  \\$aThe 'Menuet de Cupis' or 'Menuet Cupis' is a menuet from the Sonates à Violon seul avec la basse continue, opus 2 (1742) by Jean Baptiste Cupis that was frequently published and copied as a separate piece. This version seems to be mainly for keyboard, though the last page contains a melodic part, given the double stops probably for violin.  
=500  \\$aFour pages of manuscript, beautifully written. 
=501  \\$aBound in with Caix d'Hervelois' 'Pièces pour la flûte-traversière avec la basse continue' (printed)
=533  \\$aDigitized by iGuana, Spring 2022
=648  \0$a18th Century (1701-1800)$1http://www.wikidata.org/entity/Q7015$920899
=650  \0$aTheme and variations$1http://www.wikidata.org/entity/Q763324$92038
=651  \0$aFrance$1http://www.wikidata.org/entity/Q142$9131
=773  \\$03943$tPièces pour la flûte-traversière avec la basse continue$w3943
=942  \\$cMS
=952  \\$00$10$2ddc$40$6KTS_1_000000000000000_C2_39_16H12B$70$921870$aORPH$bORPH$cKTS1_C2$d2022-09-19$eKoopman$l0$oKTS1 C2.39 16H12b$p20136363b$r2022-09-19 00:00:00$w2022-09-19$yMS
=999  \\$d21026

