=LDR  01892aam a2200277   4500
=001  21051
=008  220920s1778\\\\|||g||||\||||\00|\0\lat\d
=041  \\$alat
=059  \\$av
=245  \\$aMissae propriae sanctorum ordinis fratrum minorum $bAd formam Missalis Romani redactae, & exactius examinatae
=260  \\$aKempten$bGaller$c1778
=300  \\$a[vii]-47 pages$bprinted in black and red throughout, with printed music
=500  \\$aA rich edition printed in two colors, to match and complement the Missale Romanum (same publisher) that this is bound with. 
=501  \\$aBound in with: ‘Missale Romanum, ex decreto sacrosancti Concilii Tridentini restitutum’ (Kempten 1777), and ‘‘Proprium Ecclesiæ Metropolitanæ et Archidiœcesis Salisburgensis Missale Romano’ (Salzburg 1860), and ‘Missæ propriæ sanctorum Archidioecesis Salisburgensis’ (Regensburg 1871)
=563  \\$aA large red leather binding from the 19th century. Endpaper printed with floral design and some gold. Gilt edges.
=590  \\$aAdditis missis a Sac. Rit. Congregatione Noviter concessis & approbatis, juxta exemplar Brevarii ejusdem Ordinis
=648  \0$a18th Century (1701-1800)$1http://www.wikidata.org/entity/Q7015$920899
=648  \0$a19th Century (1801-1900)$1http://www.wikidata.org/entity/Q6955$920935
=650  \0$aPlainchant$1http://www.wikidata.org/entity/Q2707688$921363
=650  \0$aCatholicism$1http://www.wikidata.org/entity/Q1841$921631
=650  \0$aLiturgy$1http://www.wikidata.org/entity/Q172331$92284
=651  \0$aGermany$1http://www.wikidata.org/entity/Q183$9155
=773  \\$04025$tMissale Romanum, ex decreto sacrosancti Concilii Tridentini restitutum$w4025
=942  \\$cBOO
=952  \\$00$10$2ddc$40$6KTS_1_000000000000000_C2_40_26C08B$70$921912$aORPH$bORPH$cKTS1_C2$d2022-09-20$eKoopman$l0$oKTS1 C2.40 26C08b$p20139514b$r2022-09-20 00:00:00$w2022-09-20$yBOO
=999  \\$d21051

