=LDR  01522cam a2200205ua 4500
=001  21057
=005  20250807161804.0
=008  020114r20181990enka\\\||b\\\|000\||eng|d
=020  \\$a9780948462061
=041  \\$aeng
=100  \\$aBryson, Norman$d1949-$4aut$1http://www.wikidata.org/entity/Q19754051$924994
=245  10$aLooking at the Overlooked:$bFour Essays on Still Life Painting
=260  \\$aLondon$bReaktion Books$c2018
=300  \\$a192 pages$billustrations
=504  \\$aIncludes bibliographical references (pages 179-189).
=520  \\$aHistorically and culturally, the societies that produced still life painting could hardly be more diverse. What is it, then, that allows us to place such different types of image in a single category? Norman Bryson argues that the family resemblances between the different types of still life stem from their common portrayal of a level of material culture that retains its fundamental outlines through long spans of time and across the boundaries and divisions of national culture: the culture of domestic routine and the rituals of hospitality. How this 'low plane reality' is historically viewed and inflected by the 'higher' levels and discourses of the surrounding culture is the fundamental subject of this book.
=650  \0$aFine art$1http://www.wikidata.org/entity/Q219625$921579
=942  \\$cBOO
=952  \\$00$10$2ddc$40$6VIS_BRYS$70$8VIS$921926$aORPH$bORPH$cKTS1_H$d2022-09-16$l1$oVIS BRYS$p20131972$q2023-04-04$r2022-10-07 00:00:00$s2022-10-07$w2022-09-21$yBOO
=999  \\$d21057

