=LDR  00850nam a22002057a 4500
=001  21079
=008  220922s2012\\\\|||o||||\||||\00|\0\mul\d
=020  \\$a9789048426546
=041  \\$aeng$adut
=245  \\$aSounding Cartograms:$bVisible Invisible Traces of Urban Trajectories
=300  \\$a126 pages
=648  \0$a21st Century (2001-2100)$1http://www.wikidata.org/entity/Q6939$920812
=650  \0$aArtistic research$1http://www.wikidata.org/entity/Q20827087$921804
=650  \0$aPoetry$1http://www.wikidata.org/entity/Q482$93026
=650  \0$aPhotography$1http://www.wikidata.org/entity/Q11633$91982
=700  \\$4aut$aCoessens, Kathleen$916048
=700  \\$4aut$aEysermans, Ann$925005
=942  \\$cBOO
=952  \\$00$10$2ddc$40$6VIS_COES$70$8VIS$921952$aORPH$bORPH$cKTS1_H$d2022-09-22$l0$oVIS COES$p20139187$r2022-09-22 00:00:00$w2022-09-22$yBOO
=999  \\$d21079

