=LDR  01925nam a22002177a 4500
=001  21083
=008  220926s2022\\\\|||o||||\||||\00|\0\eng\d
=020  \\$a9786188536180
=041  \\$aeng
=245  \\$aChimeras:$bInventory of Synthetic Cognition
=260  \\$bOnassis Foundation$c2022
=300  \\$a534 pages
=520  \\$aThis volume attempts to disassemble and reformulate what one might understand as AI by taking apart both notions of 'artificiality' and 'intelligence' and seeing what new meaning they produce when recombined.

We summon the trickster of the natural order, chimera, both a mythical creature and a genetic phenomenon. Drawing upon chimerism allows us to broaden 'artificial intelligence' into 'synthetic cognition'⁠—an approach that highlights the duality of 'artificial' and 'authentic', amplifies non-human methods of cognition and anticipates modes of symbiosis.

With this aim, the editors, Ilan Manouach and Anna Engelhardt, assembled an inventory in which one can find contributions from scholars and artists with interspecies, disability, monstrous, feminist, and decolonial approaches, as well as thinkers and technologists engaged in a broader field of AI. By questioning fabricated norms that constitute and maintain notions of 'artificial' and 'intelligence', this inventory acts as a toolbox one can use to merge these terms into a novel chimera.
=650  \0$aArtificial intelligence$1http://www.wikidata.org/entity/Q11660$92413
=650  \0$aTechnology$1http://www.wikidata.org/entity/Q11016$921633
=650  \0$aArtistic research$1http://www.wikidata.org/entity/Q20827087$921804
=700  \\$4edt$aManouach, Ilan$d-1980$1http://www.wikidata.org/entity/Q16643218$925024
=700  \\$4edt$aEngelhardt, Anna$d-1994$925025
=942  \\$cBOO
=952  \\$00$10$2ddc$40$6SCI_MANO$70$8SCI$921954$aORPH$bORPH$cKM12_1$d2022-09-22$l0$oSCI MANO$p20131973$r2022-09-26 00:00:00$w2022-09-26$yBOO
=999  \\$d21083

