=LDR  00998cam a2200253 a 4500
=001  21137
=005  20250120120105.0
=008  990722s1998\\\\nl\af\\\\b\\\\000\0\dut\\
=020  \\$a9061138477
=041  \\$adut
=043  \\$ae-ne---
=050  00$aML582$b.G45 1998
=100  \\$aGestel, Carel van$d-1946$4aut$925099
=245  10$aLuisterrijk.$bNederlandse kerkorgels in beeld
=260  \\$aAlphen aan den Rijn $bAtrium$c1998
=300  \\$a144 pages$bill. (chiefly col.) $c31 cm
=504  \\$aIncludes bibliographical references (p. 144).
=648  \0$aPast$1http://www.wikidata.org/entity/Q192630$922196
=650  \0$aOrgan$1http://www.wikidata.org/entity/Q1444$92810
=650  \0$aOrganology$1http://www.wikidata.org/entity/Q899293$921400
=651  \0$aNetherlands$1http://www.wikidata.org/entity/Q55$9173
=942  \\$cBOO
=952  \\$00$10$2ddc$40$6INS_3_000000000000000_1A_NL$70$8INS$922026$aORPH$bORPH$cKTS0$d2022-10-03$l0$oINS3.1a NL$p20129958$r2022-10-03 00:00:00$w2022-10-03$yBOO
=999  \\$d21137

