=LDR  01423nam a22002057a 4500
=001  21175
=008  221006s2022\\\\|||a||||\||||\00|\0\eng\d
=020  \\$a9781527577893
=041  \\$aeng
=100  \\$4edt$aDoğantan-Dack, Mine$919881
=245  \\$aRethinking the Musical Instrument
=260  \\$aNewcastle upon Tyne$bCambridge Scholars Publishing$c2022
=300  \\$axxi-444 pages
=520  \\$aThis volume brings together scholars and artist-researchers to explore the nature and function of musical instruments in creative practices, and their role in musical culture. Through historical, theoretical, critical, practical-artistic perspectives and case studies, the contributors here examine identities and affordances of acoustical, electronic and digital musical instruments, the kinds of relationships that composers and performers establish with them, and the crucial role they play in the emergence of musical experiences and meanings.
=650  \0$aOrganology$1http://www.wikidata.org/entity/Q899293$921400
=650  \0$aArtistic research$1http://www.wikidata.org/entity/Q20827087$921804
=942  \\$cBOO
=952  \\$00$10$2ddc$40$6INS_1A$70$8INS$922074$aORPH$bORPH$cKTS0$d2022-06-16$g67.99$l1$oINS1a$p20132003$q2023-07-23$r2023-01-26 00:00:00$s2023-01-26$w2022-10-06$yBOO
=952  \\$00$10$2ddc$40$6INS_1A$70$8INS$922497$aORPH$bORPH$cKTS0$d2022-12-06$l0$oINS1a$p20140207$r2023-02-10 00:00:00$w2023-02-10$yBOO
=999  \\$d21175

