=LDR  01653nam a2200325 a 4500
=001  21213
=005  20250121142135.0
=008  870707s1986\\\\au\a\\\\\bc\\\001\0\ger\\
=020  \\$a3210248230
=040  \\$aOI
=041  \\$ager
=245  00$aWelt des Barock
=260  \\$aVienna$bHerder$c1986
=300  \\$a336 pages$billustrations (some color)$c25 cm
=500  \\$a"Oberösterreichische Landesausstellung 1986 25. April bis 26. Oktober 1986 im Augustiner Chorherrenstift St. Florian"
=504  \\$aIncludes bibliographies and index.
=590  \\$aHerausgegeben von Rupert Feuchtmüller und Elisabeth Kovács ; Textredaktion und Register, Lotte Wewalka ; Text- und Bildredaktion, Renate Fauland, Gottfried Hierzenberger.
=648  \0$a17th Century (1601-1700)$1http://www.wikidata.org/entity/Q7016$920923
=648  \0$a18th Century (1701-1800)$1http://www.wikidata.org/entity/Q7015$920899
=650  \0$aBaroque$1http://www.wikidata.org/entity/Q37853$921255
=650  \0$aArchitecture$1http://www.wikidata.org/entity/Q12271$93185
=650  \0$aFine art$1http://www.wikidata.org/entity/Q219625$921579
=650  \0$aApplied arts$1http://www.wikidata.org/entity/Q2865882$921627
=651  \0$aAustria$1http://www.wikidata.org/entity/Q40$9202
=700  \\$aFeuchtmüller, Rupert$4edt$925172
=700  \\$aKovács, Elisabeth$d-1930$4edt$925173
=942  \\$cBOO
=952  \\$00$10$2ddc$40$6TOP_AT_5_000000000000000$70$8TOP$922138$aORPH$bORPH$cKTS0$d2022-10-03$g12.00$l0$oTOP AT 5$p20132031$r2022-10-12 00:00:00$w2022-10-12$yBOO
=955  \\$aep32 05-10-89; ec39 to SCD 06-13-89; fc22 06-14-89; fd14 06-16-89; fd18 05-15-90; fn26 05-22-90
=999  \\$d21213

