=LDR  01823ncm a2200253 a 4500
=001  21216
=005  20250925143309.0
=008  880129t20111986xxuuua\\\\\\\\\n\\\\mul\\
=020  \\$a9781458417527
=024  \\$2ISMN$a9790051212996
=041  \\$aeng$ager$afre
=100  \\$aReich, Steve$d1936-$4cmp$1http://www.wikidata.org/entity/Q262791$920770
=245  00$aSextet:$cfor Percussion and Keyboards
=260  \\$aUnited States$bHendon Music $bBoosey & Hawkes$c2011
=300  \\$a130 pages
=500  \\$aAs the title indicates, it is written for an ensemble of six: four percussionists and two keyboardists. The percussionists play (at various times) three marimbas, two vibraphones, two bass drums, crotales, sticks, and tam-tam. Two percussionists double on piano during the opening "Pulse" section. The keyboardists play both pianos and synthesizers set to an electric organ sound.

The piece is broken into five movements and, like many other Reich compositions, Sextet has an arch form: A-B-C-B-A. The paired movements share a tempo and a particular cycle of chords. These cycles use dominant chords with added tones to give it a darker, more chromatic sound, much like Reich's previous piece, The Desert Music.

A typical performance lasts about 26 minutes.
=648  \0$a20th Century (1901-2000)$1http://www.wikidata.org/entity/Q6927$920936
=650  \0$aInstrumental music$1http://www.wikidata.org/entity/Q639197$92106
=650  \0$aChamber music$1http://www.wikidata.org/entity/Q189201$92105
=650  \0$aPercussion$1http://www.wikidata.org/entity/Q1661583$92155
=650  \0$aKeyboard instrument$1http://www.wikidata.org/entity/Q52954$92849
=942  \\$cSCO
=952  \\$00$10$2ddc$40$6SCO_REIC1$70$8SCO$922141$aORPH$bORPH$cKTS1_P$d2022-10-12$l0$oSCO REIC1$p20132013$r2022-10-12 00:00:00$w2022-10-12$ySCO
=999  \\$d21216

