=LDR  01889ncm a2200277 a 4500
=001  21217
=005  20250925143309.0
=008  880129s1981\\\\\\\\\a\\\\\\\\\n\\\\eng\\
=020  \\$a9781458420190
=041  \\$aeng
=100  \\$aReich, Steve$d1936-$4cmp$1http://www.wikidata.org/entity/Q262791$920770
=245  \\$aTehillim$cfor Voices and Ensemble or Chamber Orchestra
=260  \\$aLondon$bHendon Music $bBoosey & Hawkes$c[1981]
=300  \\$a267 pages
=500  \\$a'Tehillim' was written in 1981. The title comes from the Hebrew word for "psalms", and the work is the first to reflect Reich's Jewish heritage. It is in four parts, marked fast, fast, slow, and fast.

Tehillim is the setting of Psalms 19:2–5 (19:1–4 in Christian translations); Psalm 34:13–15 (34:12–14); Psalm 18:26–27 (18:25–26); and finally Psalm 150:4–6.[1] The four parts of the work are based on these four texts, respectively.[1] "Literally translated [the word Tehillim] means 'praises'," writes Steve Reich in his composer's notes, "and it derives from the three letter Hebrew root ‘hey, lamed, lamed’ (hll) which is also the root of halleluyah."
=610  \0$aJews$1http://www.wikidata.org/entity/Q7325$924173
=648  \0$a20th Century (1901-2000)$1http://www.wikidata.org/entity/Q6927$920936
=650  \0$aVocal music$1http://www.wikidata.org/entity/Q685884$93319
=650  \0$aChamber music$1http://www.wikidata.org/entity/Q189201$92105
=650  \0$aMinimalist music$1http://www.wikidata.org/entity/Q572901$923040
=650  \0$aOrchestra$1http://www.wikidata.org/entity/Q42998$93159
=650  \0$aPsalm$1http://www.wikidata.org/entity/Q12497663$92164
=651  \0$aUSA$1http://www.wikidata.org/entity/Q30$943
=942  \\$cSCO
=952  \\$00$10$2ddc$40$6SCO_REIC1$70$8SCO$922142$aORPH$bORPH$cKTS1_P$d2022-10-12$l0$oSCO REIC1$p20132012$r2022-10-12 00:00:00$w2022-10-12$ySCO
=999  \\$d21217

