=LDR  01111pcm a2200229 a 4500
=001  21218
=005  20250925143309.0
=008  930310r19931904nyuspa\\\\\\\\\n\\\\eng\\
=041  \\$aeng
=100  \\$aStrauss, Richard$d1864-1949$4cmp$1http://www.wikidata.org/entity/Q13894$914264
=245  05$aEine Alpensinfonie and Symphonia domestica:$cin Full Score
=260  \\$aNew York$bDover$c1993
=300  \\$a283 pages
=500  \\$aSymphonic poems
=534  \\$aReprint. Originally published: Leipzig : Leuckart, 1915 (1st work); Berlin  Bote & G. Bock, 1904 (2nd work)
=648  \0$a20th Century (1901-2000)$1http://www.wikidata.org/entity/Q6927$920936
=650  \0$aOrchestral music$1http://www.wikidata.org/entity/Q3328774$924356
=856  \\$uhttp://www.loc.gov/catdir/enhancements/fy0714/93007493-d.html$3Publisher description
=856  \\$uhttp://www.loc.gov/catdir/enhancements/fy1511/93007493-b.html$3Contributor biographical information
=942  \\$cSCO
=952  \\$00$10$2ddc$40$6SCO_STRA1$70$8SCO$922143$aORPH$bORPH$cKTS1_P$d2022-10-12$l0$oSCO STRA1$p20132011$r2022-10-12 00:00:00$w2022-10-12$ySCO
=999  \\$d21218

