=LDR  00982ccm a2200205ui 4500
=001  21219
=008  860523s1982\\\\xx\||||\\\\\\\\n\\|\eng\\
=041  \\$aeng
=100  \\$aSchumann, Robert$d1810-1856$4cmp$1http://www.wikidata.org/entity/Q7351$913977
=245  10$aGreat Works for Piano and Orchestra:$bin Full Score
=260  \\$aNew York$c1982$bDover
=300  \\$a183 pages
=505  \\$gConcerto in A minor, op. 54 -- Concertstück (Introduction and Allegro appassionato), op. 92 -- Introduction and Allegro, op. 134
=650  \0$aConcerto$1http://www.wikidata.org/entity/Q9748$921817
=650  \0$aPiano$1http://www.wikidata.org/entity/Q5994$92127
=650  \0$aOrchestra$1http://www.wikidata.org/entity/Q42998$93159
=700  \\$aSchumann, Clara$d1819-1896$4edt$1http://www.wikidata.org/entity/Q132232$915642
=942  \\$cSCO
=952  \\$00$10$2ddc$40$6SCO_SCHU2$70$8SCO$922144$aORPH$bORPH$cKTS1_P$d2022-10-12$l0$oSCO SCHU2$p20132010$r2022-10-12 00:00:00$w2022-10-12$ySCO
=999  \\$d21219

