=LDR  01768ncm a22002297a 4500
=001  21220
=008  221012s2010\\\\|||||l||\||||\00|\0\eng\d
=041  \\$aeng
=100  \\$4cmp$aCrumb, George$d1929-2022$1http://www.wikidata.org/entity/Q356804$921863
=245  \\$aVoices from the Heartland:$ba Cycle of Hymns, Spirituals, Folk Songs and American Indian Chants
=250  \\$afacs. ed.
=260  \\$aFrankfurt am Main$aLeipzig$aLondon$aNew York$bPeters$c2010
=300  \\$aiv-53 pages$blarge, oblong
=490  \\$aAmerican Songbook$vVII
=500  \\$aBeginning in 2000, Crumb wrote a number of works subtitled American Songbook. Each of these works is a set of arrangements of American hymns, spirituals, and popular tunes: Crumb originally planned to produce four such volumes, but in fact he continued to produce additional sets after the fourth (The Winds of Destiny) was written, with the seventh volume of the series (Voices from the Heartland) completed in 2010. Typically these settings preserve the familiar tunes more-or-less intact, but the accompaniments for amplified piano and percussionists use a very wide range of musical techniques and exotic sounds. As of 2017, American Songbook totalled 65 movements, 62 texts, 150 percussion instruments, more than five hours of music.
=590  \\$afor Two Amplified Solo voices (Male and Female), Amplified Piano, and Percussion Quartet
=650  \0$aVocal music$1http://www.wikidata.org/entity/Q685884$93319
=650  \0$aPiano$1http://www.wikidata.org/entity/Q5994$92127
=650  \0$aPercussion$1http://www.wikidata.org/entity/Q1661583$92155
=942  \\$cSCO
=952  \\$00$10$2ddc$40$6SCO_CRUM$70$8SCO$922145$aORPH$bORPH$cKTS1_P$d2022-10-12$l0$oSCO CRUM$p20132009$r2022-10-12 00:00:00$w2022-10-12$ySCO
=999  \\$d21220

