=LDR  00851ncm a22002057a 4500
=001  21221
=008  221012s2010\\\\|||||l||\||||\00|\0\eng\d
=041  \\$aeng
=100  \\$4cmp$aCrumb, George$d1929-2022$1http://www.wikidata.org/entity/Q356804$921863
=245  \\$aSun and Shadow:$ba Cycle of Five Poems by Federico García Lorca
=250  \\$afacs. ed.
=260  \\$aFrankfurt am Main$aLeipzig$aLondon$aNew York$bPeters$c2009
=300  \\$a18 pages$blarge, oblong
=490  \\$aSpanish Songbook$vII
=590  \\$afor Female Voice and Amplified Piano
=650  \0$aVocal music$1http://www.wikidata.org/entity/Q685884$93319
=650  \0$aPiano$1http://www.wikidata.org/entity/Q5994$92127
=942  \\$cSCO
=952  \\$00$10$2ddc$40$6SCO_CRUM$70$8SCO$922146$aORPH$bORPH$cKTS1_P$d2022-10-12$l0$oSCO CRUM$p20132008$r2022-10-12 00:00:00$w2022-10-12$ySCO
=999  \\$d21221

