=LDR  01555cam a22003255i 4500
=001  21222
=005  20250120120627.0
=008  181105s2018\\\\it\a\\\\\\\\\\001\0\ita\d
=020  \\$a9788887186130
=020  \\$a8887186138
=040  \\$aBF
=041  \\$aita
=100  \\$aBonifacio, Giovanni$d1547-1635$4aut$1http://www.wikidata.org/entity/Q15695516$925174
=245  10$aL'Arte de' cenni
=260  \\$aTreviso$bZeL$c2018
=300  \\$a2 vols.$billustrations$c24 cm
=490  1\$aFestina lente. Indagini d'arte e cultura$v5
=504  \\$aIncludes bibliographical references and index.
=505  0\$aVolume I. Introduzione e apparati / Silvia Gazzola -- Volume II. Testo.
=648  \0$a16th Century (1501-1600)$1http://www.wikidata.org/entity/Q7017$920944
=648  \0$a17th Century (1601-1700)$1http://www.wikidata.org/entity/Q7016$920923
=650  \0$aGesticulation$1http://www.wikidata.org/entity/Q1519539$922031
=650  \0$aCorporeality$1http://www.wikidata.org/entity/Q101490283$921406
=650  \0$aEmblem$1http://www.wikidata.org/entity/Q112110$93250
=651  \0$aItaly$1http://www.wikidata.org/entity/Q38$922
=700  \\$aGazzola, Silvia$4edt$925175
=942  \\$cBOO
=952  \\$00$10$2ddc$3Volume I: Introduzione e apparati$40$6TRE_BONI$70$8TRE$922147$aORPH$bORPH$cKTS1_H$d2022-09-26$g75.00$l0$oTRE BONI$p20132032$r2022-10-12 00:00:00$w2022-10-12$yBOO
=952  \\$00$10$2ddc$3Volume II: Testo$40$6TRE_BONI$70$8TRE$922148$aORPH$bORPH$cKTS1_H$d2022-09-26$g75.00$l0$oTRE BONI$p20132033$r2022-10-12 00:00:00$w2022-10-12$yBOO
=999  \\$d21222

