=LDR  01172nam a22002057a 4500
=001  21230
=008  221017|\\\\\\\\nl\f||||\||||\00|\0\dut\d
=041  \\$adut
=100  \\$4aut$aVerwer, René$915255
=245  \\$aKort overzicht van de Franse orgelbouw
=260  \\$aUtrecht$bWerkgroep Kerkmuziek Domkerk
=300  \\$a6 pages
=501  \\$aBound in with: De orgels van de Oude Kerk in Amsterdam -- ...Wij komen ook voor het orgel... -- Beknopte historie van het orgel in de grote kerk te Dordrecht -- Groninger Orgelagenda 1990 -- Het orgel van de Jacobikerk te Utrecht -- V. Het König-orgel in de Stevenskerk te Nijmegen -- Cesar Fanck en tijdgenoten -- Deum Laudate Chordis Cymbalis Tibiis Tympanis et Organis Sonoris
=610  \0$aDomkerk (Utrecht, Netherlands)$925381
=650  \0$aOrgan$1http://www.wikidata.org/entity/Q1444$92810
=650  \0$aOrganology$1http://www.wikidata.org/entity/Q899293$921400
=651  \0$aUtrecht (Netherlands)$1http://www.wikidata.org/entity/Q803$9141
=942  \\$cBOO
=952  \\$00$10$2ddc$40$6INS_3_000000000000000_1A_NL$70$8INS$922160$aORPH$bORPH$cKTS0$d2022-10-17$l0$oINS3.1a NL$p20126627h$r2022-10-17 00:00:00$w2022-10-17$yBOO
=999  \\$d21230

