=LDR  00892nam a22001097a 4500
=001  21233
=008  221017b\\\\\\\\||||||||\||||\00|\0\###\d
=245  \\$a[Dutch Church Organs]
=505  \\$gA    De orgels van de Oude Kerk in Amsterdam by Bijtelaar, B.
B    ...Wij komen ook voor het orgel... by Stam, F. C.
C    Beknopte historie van het orgel in de grote kerk te Dordrecht by H. A. Van Duinen
D    De Grote of Lebuinuskerk te Deventer
E    Groninger Orgelagenda 1990
F    Het orgel van de Jacobikerk te Utrecht
G    V. Het König-orgel in de Stevenskerk te Nijmegen
H    Kort overzicht van de Franse orgelbouw 
I    Cesar Fanck en tijdgenoten 
J    Deum Laudate Chordis Cymbalis Tibiis Tympanis et Organis Sonoris 
=942  \\$cBOO
=952  \\$00$10$2ddc$40$6INS_3_000000000000000_1A_NL$70$8INS$922163$aORPH$bORPH$cKTS0$d2022-10-17$i44D12$l0$oINS3.1a NL$p20126627$r2022-10-17 00:00:00$w2022-10-17$yBOO
=999  \\$d21233

