=LDR  01019nam a22002177a 4500
=001  21262
=008  221026s2009\\\\|||ga|||\||||\00|\0\dut\d
=041  \\$adut
=100  \\$4aut$aKoning, Jos$925226
=245  \\$aDe nieuwe Hollandsche Schouwburg 1751-1771:$bHet einde van een tijdperk in de Amsterdamse muziek
=260  \\$aNijmegen$bStichting Twee Violen & een Bas$c2009
=300  \\$a107 pages
=648  \0$a18th Century (1701-1800)$1http://www.wikidata.org/entity/Q7015$920899
=650  \0$aMusic history$1http://www.wikidata.org/entity/Q846047$921373
=650  \0$aSong$1http://www.wikidata.org/entity/Q7366$94164
=650  \0$aDance$1http://www.wikidata.org/entity/Q6034$924845
=650  \0$aBook$1http://www.wikidata.org/entity/Q571$92285
=651  \0$aAmsterdam (Netherlands)$1http://www.wikidata.org/entity/Q727$9135
=942  \\$cBOO
=952  \\$00$10$2ddc$40$6TOP_NL_AMS_5_000000000000000$70$8TOP$922202$aORPH$bORPH$cKTS0$d2022-10-26$g19.50$l0$oTOP NL.AMS 5$p20132045$r2022-10-26 00:00:00$w2022-10-26$yBOO
=999  \\$d21262

