=LDR  01329nam a22002057a 4500
=001  21275
=008  221103r20182012|||ago||\||||\00|\0\ger\d
=020  \\$a9783825287337
=041  \\$ager
=100  \\$4aut$aKeil, Werner$d-1952$1http://www.wikidata.org/entity/Q55465430$925245
=245  \\$aMusikgeschichte im Überblick
=250  \\$a3rd ed.
=260  \\$aPaderborn$bBrill | Fink$c2018
=300  \\$a378 pages
=520  \\$aThe music history of Europe from antiquity to the 20th century in one clear volume. Epochs, genres, instruments and important composers are defined, explained and presented in a way suitable for study. This book provides students of music and musicology with an optimally structured overview of the central developments and trends in music history. The theory is illustrated by numerous illustrations and musical examples. References to further literature at the end of each chapter help with exam preparation and the consolidation of individual topics.
=650  \0$aMusic history$1http://www.wikidata.org/entity/Q846047$921373
=650  \0$aMusic education$1http://www.wikidata.org/entity/Q27908$921766
=942  \\$cBOO
=952  \\$00$10$2ddc$40$6GHM_0_000000000000000$70$8GHM$922222$aORPH$bORPH$cKM12_1$d2022-11-03$l1$m1$oGHM0$p20139652$q2023-11-01$r2022-11-09 00:00:00$s2022-11-09$w2022-11-03$yBOO
=999  \\$d21275

