=LDR  03842cam a2200277   4500
=001  21276
=008  190104s2018\\\\gw\a\\\\\\\\\\000\0\ger\d
=020  \\$a9783761822333
=020  \\$a9783894879334
=041  \\$ager
=245  00$aMusik:$bein Streifzug durch 12 Jahrhunderte
=260  \\$aKassel$aLeipzig$bBärenreiter$bHenschel$c2018
=300  \\$axi-397 pages
=500  \\$aIncludes index.
=505  0\$aImpressum; Inhalt; Einleitung; Antike Anfèange; Musikgeschichte (fast) ohne Musik -- Die Antike; Mousikåe -- Musik; Begleiter fèur Gesang und Tanz -- Instrumente; Was die Zeit èuberdauert -- èUberlieferung; Musik festhalten -- Schrift; Die Weltordnung in der Schmiede -- Antike Musiktheorie; 9. bis 14. Jahrhundert; "Christliches Zeitalter" oder "Mittelalter"? -- Das 9. bis 14. Jahrhundert; Musik èubermitteln -- Mèundlichkeit und Schriftlichkeit; Die Anfèange des Schreibens von Musik -- Neumennotation; Rèomische Liturgie im Frankenreich -- Der gregorianische Gesang.
=505  0\$aMelodie als Textausdruck -- Das gregorianische Offertorium "Vir erat in terra"Unterweisung und Beurteilung statt philosophischer Anschauung -- Musiktheorie; GroÇe Kunst in kleiner Form -- Trobadors, Trouváeres, Minnesèanger; SèuÇer Donner -- Die Orgel; "Eintrèachtig auseinanderklingender Zusammenklang" -- Frèuhe Mehrstimmigkeit; Kompositionen von bisher nicht gekannter Pracht -- Das Ereignis Notre-Dame; "Nicht fèur das gewèohnliche Volk geeignet" -- Die Motette; Ars nova -- Neue Kunst im neuen Jahrhundert; Verfestigung der Formen -- Guillaume de Machaut und das franzèosische Lied.
=505  0\$aSeelenheil èuber den Tod hinaus -- Machauts "Messe de Nostre Dame"Endlich alles aufschreiben kèonnen -- Ars subtilior; Ein strahlender Meteorit -- Die Musik des Trecento; Meister Francesco -- Der blinde Organist aus Florenz; 15. und 16. Jahrhundert; Musik in wechselnden "Klanglandschaften" -- Das 15. und 16. Jahrhundert; "Jubilierende Engel" -- Neue Musik in England; Ein Gipfeltreffen? -- Guillaume Dufay und Gilles Binchois; Kunst am Bau -- Dufays Domweih-Motette; Immer wieder neu -- Gilles Binchois und die hèofische Chanson; Der groÇe Gesang und der bewaffnete Mann -- Formen der Messe.
=505  0\$a"Ein Meyster ob allen Meystern" -- Conrad Paumann und die InstrumentalmusikDie Sèangerkapellen -- Umschlagspunkte der Musikgeschichte; Noten-ABC -- Die Erfindung des Musikdrucks; Der Kapelle des Ercole d'Este die Krone aufsetzen -- Josquin des Prez in Ferrara; Ein Geschenk Gottes -- Musik und Reformation; Alles aus einer Hand -- Musiklehre und Musiklernen; Zwischen Hofdame und Kurtisane -- Musizierende Frauen; "Al modo d'Orpheo" -- Musik der Renaissance; Zum Privatvergnèugen -- Die Laute; "Allein und gedankenschwer" -- Ein Madrigal von Giaches de Wert.
=505  0\$a"Tere", "lere", "chara" -- Instrumentalmusik in Venedig"Singen èuber dem Buche" -- Improvisierter Kontrapunkt; Nicht fèur jedermann -- Chromatik und Enharmonik; "Dies sanctificatus" -- Eine Motette von Giovanni Pierluigi da Palestrina; Ein Kosmopolit in Mèunchen -- Orlando di Lasso; Geistliche Sinfonien -- Venedig, der Markusdom und die Mehrchèorigkeit; 17. Jahrhundert; Aufbruch in eine neue Zeit -- Das 17. Jahrhundert; GroÇe Emotionen -- Monteverdis "L'Orfeo" und der Beginn der Oper; Die Oper -- Pures Vergnèugen fèur die Eliten; Unvollkommene moderne Musik? -- Monteverdi und Artusi.
=650  \0$aMusic history$1http://www.wikidata.org/entity/Q846047$921373
=650  \0$aMusic criticism$1http://www.wikidata.org/entity/Q11748889$921598
=700  \\$aBleek, Tobias$4edt$925246
=700  \\$aMosch, Ulrich$4edt$915853
=942  \\$cBOO
=952  \\$00$10$2ddc$40$6GHM_0_000000000000000$70$8GHM$922223$aORPH$bORPH$cKM12_1$d2022-11-03$l1$m1$oGHM0$p20139653$q2023-11-01$r2022-11-09 00:00:00$s2022-11-09$w2022-11-03$yBOO
=999  \\$d21276

