=LDR  01121aam a2200241   4500
=001  21277
=008  210615s1822\\\\\\\g||||\||||\00|\0\ger\d
=041  \\$ager
=059  \\$abc
=100  \\$aTürk, Daniel Gottlob$d1750-1813$4aut$1http://www.wikidata.org/entity/Q216090$95445
=245  \\$aAnweisung zum Generalbaßspielen$bNeue verbesserte Ausgabe
=250  \\$a2nd Ed.
=260  \\$aVienna$bSteiner$c1822
=300  \\$a[ii]-iv-335-[5] pages$bmusical examples, engraved title page
=500  \\$aOriginally published in 1791
=504  \\$aOpens with extensive table of contents. Contains index as well as printer's catalogue
=561  \\$a10B15: Ex libris Hans Biele (Manuscript)
=648  \0$a18th Century (1701-1800)$1http://www.wikidata.org/entity/Q7015$920899
=650  \0$aBasso continuo$1http://www.wikidata.org/entity/Q724321$921065
=650  \0$aMethod$1http://www.wikidata.org/entity/Q2250960$921402
=942  \\$cBOO
=952  \\$00$10$2ddc$40$6KTS_1_000000000000000_C2_46_10B15$70$8RAR$922224$aORPH$bORPH$cKTS1_C2$d2022-11-03$eKoopman$l0$oKTS1 C2.46 10B15$p20139682$r2022-11-03 00:00:00$w2022-11-03$yBOO
=999  \\$d21277

