=LDR  00763aam a2200193   4500
=001  21278
=005  20251001162314.0
=008  120202s2022\\\\\\\\\\\\\\\\\\\\\\0\ger\d
=020  \\$a9783150113554
=041  \\$ager
=100  \\$aMahnkopf, Claus-Steffen$4aut$915875
=245  \\$aDie Kunst des Komponierens:$bWie Musik entsteht
=260  \\$aDitzingen$bReclam$c2022
=300  \\$a238 pages
=650  \0$aComposing$1http://www.wikidata.org/entity/Q92186587$93076
=650  \0$aMusic philosophy and aesthetics$1http://www.wikidata.org/entity/Q2092865$921165
=942  \\$cBOO
=952  \\$00$10$2ddc$40$6MTP_2_000000000000000_MAHN$70$8MTP$922226$aORPH$bORPH$cKM12_1$d2022-11-03$l1$m1$oMTP2 MAHN$p20139654$q2023-11-01$r2022-11-09 00:00:00$s2022-11-09$w2022-11-03$yBOO
=999  \\$d21278

