=LDR  01054ccd a2200229ua 4500
=001  21283
=005  20250925143309.0
=008  951129s1960\\\\\\\uul|||h\\\\\n\\|\eng|d
=024  \\$29790014051990$aISMN
=041  \\$aeng
=100  \\$aCage, John$d1912-1992$4cmp$1http://www.wikidata.org/entity/Q180727$916600
=245  10$aVariations I:$bfor David Tudor
=260  \\$aLeipzig$aLondon$aNew York$bPeters
=300  \\$a1 page, 6 transparant sheets
=500  \\$aGraphic score
=500  \\$aComposed in 1958
=520  \\$aOne score consisting of a title page with performance instructions and 6 transparent sheets containing lines or dots meant to be overlapped to determine composition. Reproduction from a holographic original.
=648  \0$a20th Century (1901-2000)$1http://www.wikidata.org/entity/Q6927$920936
=650  \0$aAleatory music$1http://www.wikidata.org/entity/Q623715$923541
=942  \\$cSCO
=952  \\$00$10$2ddc$40$6SCO_CAGE$70$8SCO$922231$aORPH$bORPH$cKTS1_P$d2022-11-03$l0$oSCO CAGE$p20139699$r2022-11-03 00:00:00$w2022-11-03$ySCO
=999  \\$d21283

