=LDR  01244ccm a2200205u  4500
=001  21284
=005  20250925143309.0
=008  830624t19651963nyu\\\\\\\\\\\000\0\eng\\
=024  \\$29790300748672$aISMN
=041  \\$aeng
=100  \\$aCage, John$d1912-1992$4cmp$1http://www.wikidata.org/entity/Q180727$916600
=245  00$aVariations III:$bfor one or any number of people performing any actions
=260  \\$aNew York$bPeters
=300  \\$a1 page, 1 transparant sheet
=500  \\$aAs in Variations I and II, Variations III uses transparencies, 42 in total, each containing a circle. The performer drops these transparencies on a blank sheet of paper and then chooses a small, interconnected group of circles from the mass. From this group, the performer then builds a performing score. There are no instructions as to how (or even if) to produce sounds; moreover, nowhere in the score does the word “sound” appear.
=648  \0$a20th Century (1901-2000)$1http://www.wikidata.org/entity/Q6927$920936
=650  \0$aAleatory music$1http://www.wikidata.org/entity/Q623715$923541
=942  \\$cSCO
=952  \\$00$10$2ddc$40$6SCO_CAGE$70$8SCO$922232$aORPH$bORPH$cKTS1_P$d2022-11-03$l0$oSCO CAGE$p20139698$r2022-11-03 00:00:00$w2022-11-03$ySCO
=999  \\$d21284

