=LDR  01411cam a22003015i 4500
=001  21303
=005  20250120120218.0
=008  140924t20142014it\a\\\\\b\\\\001\0\ita\d
=010  \\$a  2014507442
=020  \\$a9788896600849 (pbk.)
=040  \\$aOI
=041  \\$aita
=100  \\$aBracca, Silvia$4aut$925320
=245  12$aL'occhio e l'orecchio:$bImmagini per il dramma per musica nella Venezia del '600. Incisori, pittori e scenografi all'Opera con un repertorio dei libretti illustrati stampati in Laguna tra il 1637 e il 1719
=264  \1$aTreviso$bZeL$c[014
=300  \\$a426 pages$billustrations$c24 cm
=490  1\$aFestina Lente$v4
=504  \\$aIncludes bibliographical references and index.
=648  \0$a17th Century (1601-1700)$1http://www.wikidata.org/entity/Q7016$920923
=650  \0$aOpera$1http://www.wikidata.org/entity/Q1344$92468
=650  \0$aLibretto$1http://www.wikidata.org/entity/Q131084$94031
=650  \0$aIconography$1http://www.wikidata.org/entity/Q208145$921259
=650  \0$aStaging$1http://www.wikidata.org/entity/Q3508687$922118
=650  \0$aScenography$1http://www.wikidata.org/entity/Q737201$921278
=651  \0$aVenice (Italy)$1http://www.wikidata.org/entity/Q641$91
=942  \\$cBOO
=952  \\$00$10$2ddc$40$6TOP_IT_VEN1_5_000000000000000$70$8TOP$922260$aORPH$bORPH$cKTS0$d2022-09-26$g30.00$l0$oTOP IT.VEN1 5$p20132053$r2022-11-14 00:00:00$w2022-11-14$yBOO
=999  \\$d21303

