=LDR  01945nam a22002057a 4500
=001  21306
=008  221122b2021\\\\||||||||\||||\00|\0\eng\d
=020  \\$a9781510768420
=041  \\$aeng
=100  \\$4aut$aBeckman, Marc$925336
=245  \\$aThe Comprehensive Guide to NFTs, Digital Artwork, and Blockchain Technology
=260  \\$aNew York$bSkyhorse$c2021
=300  \\$a142 pages
=520  \\$aNon-fungible tokens, or NFTs, are the most important digital innovation since the creation of blockchain and cryptocurrency. NFTs share the best elements of both of these, while also representing an entirely new step forward for technology. But how did NFTs arise, how will they impact art and business in the decades to come, and—perhaps most importantly—how can savvy entrepreneurs position themselves today for success in the NFT-driven world of tomorrow? 
 
This guide by industry leader and entrepreneur Marc Beckman delves into the underpinnings of NFT technology in a way that makes the subject clear and comprehensible to the layman, while drawing on Marc’s branding experience to explore exactly how NFTs are poised to change fashion, sport, fine art, and even social justice. In this book he explores how NFTs will create entirely new asset classes and investment possibilities, such as fractional ownership in dynamic works of art. And in doing so, he also tells the story of how he personally discovered and became entranced by this powerful new tool, and where he believes NFTs will take business and branding throughout the 21st century.
=650  \0$aTechnology$1http://www.wikidata.org/entity/Q11016$921633
=650  \0$aEconomy$1http://www.wikidata.org/entity/Q159810$921625
=650  \1$aDigital art$1http://www.wikidata.org/entity/Q860372$925337
=942  \\$cBOO
=952  \\$00$10$2ddc$40$6SCI_BECK$70$8SCI$922265$aORPH$bORPH$cKM12_1$d2022-11-18$l1$m1$oSCI BECK$p20139754$q2023-11-14$r2022-11-22 00:00:00$s2022-11-22$yBOO
=999  \\$d21306

