=LDR  02109cam a22002418i 4500
=001  21307
=008  211115s2022\\\\nyu\\\\\ob\\\\001\0\eng\\
=020  \\$z9781501357794
=041  \\$aeng
=100  \\$aZagorski-Thomas, Simon$4aut$1http://www.wikidata.org/entity/Q90727787$919029
=245  10$aPractical Musicology
=260  \\$aNew York$bBloomsbury Academic$c2022
=300  \\$avii-237 pages
=490  0\$a21st Century Music Practices
=504  \\$aIncludes bibliographical references and index.
=505  0\$aIntroduction -- Context -- Musicking -- Learning and Knowing -- Communication and Influence -- Interaction and Influence -- Systems and Networks -- Afterword.
=520  \\$aPractical Musicology outlines a theoretical framework for studying a broad range of current musical practices and aims to provoke discussion about key issues in the rapidly expanding area of practical musicology: the study of how music is made. The book explores various forms of practice ranging from performance and composition to listening and dancing, from historically informed performances of Bach in the USA to Indonesian Dubstep or Australian musical theatre, and from Irish traditional music played by French musicians from Toulouse to Brazilian thrash metal or K-Pop. Drawing on neuroscience, cognitive psychology, ecological approaches in anthropology, and the social construction of technology and creativity, Zagorski-Thomas uses a series of case studies and examples to investigate how practice is already being studied and to suggest a principle for how it might continue to develop, based around the assertion that musicking cannot be treated as a culturally or ideologically neutral phenomenon.
=650  \0$aCrescendo$1http://www.wikidata.org/entity/Q2347888$922787
=650  \0$aMethod$1http://www.wikidata.org/entity/Q2250960$921402
=650  \0$aArtistic research$1http://www.wikidata.org/entity/Q20827087$921804
=942  \\$cBOO
=952  \\$00$10$2ddc$40$6MTP_3_000000000000000_ZAGO$70$8MTP$922266$aORPH$bORPH$cKM12_1$d2022-11-07$l1$m1$oMTP3 ZAGO$p20139760$r2024-03-14 00:00:00$s2022-11-22$yBOO
=999  \\$d21307

