=LDR  02294nam a22002537a 4500
=001  21308
=008  221122s2022\\\\|||\go||\m|||\00|\0\mul\d
=020  \\$a9788278533017
=022  \\$a03333760
=041  \\$aeng$anor
=100  \\$4aut$aHabbestad, Bjørnar$925338
=245  \\$aChasing the Collaborative:$bCritical Studies of Performer Agency in Modern Flute Music
=260  \\$aOslo$bNMH$c2022
=300  \\$axvii-296 pages
=500  \\$aDissertation for the PhD degree at the Norwegian Academy of Music.
=520  \\$aHow are developments in musical materiality connected to changes in the way composers and performers collaborate? This thesis is a search for traces of collaborative practice within the creation and performance of modern flute music from three perspectives: historical musicology, interview-based research and artistic research. From the perspective of historical musicology I trace the history of one of the first novel instrumental techniques for flute. My understanding of these developments is then deepened through the analysis of extensive research interviews with flutist Roberto Fabbriciani. Finally, the findings from these two processes are operationalized in a sequence of performance-based research, in which I explore, experiment with and extend the different practices connected to the flute part of Luigi Nono’s Das atmende Klarsein. In a complementary fashion, these elements exemplify how the advent of experimental methods and collaborative practice have influenced and changed the role played by performers in the creation of music, necessitating a rethinking of the notion of performer agency in music. These changes are traced in historical sources, verbalized in interviews, and investigated through artistic research. 
=600  \0$aNono, Luigi$d1924-1990$1http://www.wikidata.org/entity/Q160451$917010
=650  \0$aFlute$1http://www.wikidata.org/entity/Q11405$921276
=650  \0$aPerformance$926223
=650  \0$aMusical analysis$1http://www.wikidata.org/entity/Q1544924$92775
=650  \0$aArtistic research$1http://www.wikidata.org/entity/Q20827087$921804
=942  \\$cDIS
=952  \\$00$10$2ddc$40$6MTP_5_000000000000000_HABB$70$8MTP$922267$aORPH$bORPH$cKM12_1$d2022-11-22$l0$oMTP5 HABB$p20139759$r2022-11-22 00:00:00$w2022-11-22$yDIS
=999  \\$d21308

