=LDR  02833ncm a22002777a 4500
=001  21310
=008  221122s2004\\\\|||||a||\||||\00|\\\ger\d
=020  \\$a3761817835
=041  \\$ager$aeng
=100  \\$4cmp$aFroberger, Johann Jacob$d1616-1667$1http://www.wikidata.org/entity/Q60724$914063
=245  \\$aToccaten - Suiten - Lamenti:$bDie Handschrift SA 4450 der Sing-Academie zur Berlin
=250  \\$afacs. ed.
=260  \\$aKassel$bBärenreiter$c2004
=300  \\$axxv-76-55 pages
=490  \\$aDocumenta musicologica$vZweite Reihe: Handschriften-Faksimiles xxxi
=520  \\$aWith manuscript SA 4450 from the music archive of the Sing-Akademie zu Berlin, which was rediscovered in Kiev in 1999 and returned to Berlin in 2001, one of the most important sources on the work of Johann Jacob Froberger (1616-1667) has recently become available to music practitioners and researchers. This magnificent manuscript, presumably made between 1665 and 1670 by the Hamburg organist Johann Kortkamp from autographs, contains a total of 21 authentic compositions by Froberger (six toccatas, thirteen suites and two lamenti). For the majority of the works, the publication offers reliable versions of the music for the first time; in addition, it contains headings, explanations and dedications that have only been handed down here, providing valuable material on Froberger's biography. It is particularly significant that two programmatic compositions by Froberger, previously known only through a brief mention by Johann Mattheson, can now be clearly identified: the "Allemande faite en passant le Rhin" with a detailed description of the musically depicted events and the "Plaincte faite â Londres pour passer la Melancolie" with a revealing autobiographical note about a journey by the composer to England.

The manuscript reproduces a weighty musical monument of significance for scholarship and practice, which is made accessible to a wider circle of interested parties through this representative facsimile edition. The supplementation of the facsimile with a transcription into modern musical notation makes the edition indispensable for practitioners as well.
=590  \\$aFacsimile and Transcription
=650  \0$aKeyboard music$1http://www.wikidata.org/entity/Q105715630$921412
=650  \0$aTombeau$1http://www.wikidata.org/entity/Q15991004$923771
=650  \0$aSuite$1http://www.wikidata.org/entity/Q203005$921718
=650  \0$aLament$1http://www.wikidata.org/entity/Q1471717$922855
=651  \0$aGermany$1http://www.wikidata.org/entity/Q183$9155
=700  \\$4edt$aWollny, Peter$d1961-$1http://www.wikidata.org/entity/Q95339065$915578
=942  \\$cSCO
=952  \\$00$10$2ddc$40$6SCO_FROB2$70$8SCO$922270$aORPH$bORPH$cKTS1_P$d2022-11-22$eKoopman$i12D21$l0$oSCO FROB2$p20139758$r2022-11-22 00:00:00$w2022-11-22$ySCO
=999  \\$d21310

