=LDR  02584cam a2200253 i 4500
=001  21311
=008  220214s2022\\\\\\\a\\\\\b\\\\001\0\eng\\
=020  \\$a9781648250361
=041  1\$aeng$hger
=100  \\$aParaschivescu, Nicoleta$4aut$916877
=245  14$aThe Partimenti of Giovanni Paisiello:$bPedagogy and Practice
=260  \\$aRochester$bUniversity of Rochester Press$c2022
=300  \\$ax-307 pages$billustrations
=490  \\$aEastman studies in music$x1071-9989$v184
=504  \\$aIncludes bibliographical references and index.
=520  \\$aGiovanni Paisiello (1740-1816) was one of the most important composers of opera in the eighteenth century. His operas were performed throughout Europe, and his fame led to appointments as a maestro di cappella and composer at prominent European courts. This book is the first study to address his work as a teacher of composition and what we would today call music theory. The practice of partimento (figured or unfigured bass lines) was an integral part of the training of musicians at the renowned conservatories in eighteenth-century Naples. By employing these often-unprepossessing partimento bass lines, young musicians learned the techniques of variation, improvisation, and composition while seated at the harpsichord. Paisiello's Regole per bene accompagnare il Partimento (Rules for Harpsichordists; 1782) survives in both autograph and printed forms. It contains forty-six partimenti that have long been considered the core of his pedagogic oeuvre. However, two recently discovered manuscripts contain a further forty-one unknown partimenti, notated as two- and three-part disposizioni (realizations). The present study offers numerous insights gleaned from the surviving sources and bolsters our understanding of how to perform the music of Paisiello and his contemporaries: music that has often survived in an incomplete form. These findings are relevant not just for keyboard players but also for singers, instrumentalists, and anyone interested in the inner workings of eighteenth- and early nineteenth-century music
=600  \0$aPaisiello, Giovanni$d1740-1816$95361
=650  \0$aPartimento$1http://www.wikidata.org/entity/Q2054960$921242
=650  \0$aMusic education$1http://www.wikidata.org/entity/Q27908$921766
=650  \0$aMusic history$1http://www.wikidata.org/entity/Q846047$921373
=700  \\$aWalton, Chris$4trl$925343
=942  \\$cBOO
=952  \\$00$10$2ddc$40$6BIO_PAIS_E$70$8BIO$922271$aORPH$bORPH$cKTS1_P$d2022-11-17$l1$oBIO PAIS e$p20139757$r2025-06-25 10:02:04$s2022-11-23$w2022-11-22$yBOO
=999  \\$d21311

