=LDR  02185nam a22002057a 4500
=001  21314
=008  221123b\\\\\\\\||||||||\||||\00|\0\eng\d
=020  \\$a9781783276615
=041  \\$aeng
=100  \\$4aut$aMoskovitz, Marc D.$916219
=245  \\$aMeasure:$bIn Pursuit of Musical Time
=260  \\$aWoodbridge$bBoydell$c2022
=300  \\$axxi-320 pages
=520  \\$aFollows the fascinating story of musical timekeeping, beginning in an age before the existence of external measuring devices and continuing to the present-day use of the Smartphone app.

The book opens with an exploration of musical time keeping as expressed in the artwork and musical writing of the Renaissance, sources that inform our early understanding of an age when music making was bound up with motions of the body and the pulsing of the human heart. With the adoption of the simple pendulum and the subsequent incorporation of tempo-related language, musicians gained the ability to communicate concepts of speed and slowness with ever-increasing precision. The seventeenth and eighteenth centuries witnessed the development of a diverse array of musical time-keeping devices, yet it was not until the nineteenth century that a single device combined the critical elements of accuracy, functionality and affordability.

Enter the metronome: portable and affordable, a triumph of innovation that enabled musicians to establish and faithfully reproduce musical time with accuracy and ease. From Beethoven to Ligeti, Moskovitz looks to a number of distinguished composers who used or refused this revolutionary machine and explores the complicated relationship that unfolded between the metronome, the musical world and practitioners in other disciplines who sought to exploit its potential.
=650  \0$aTobacco$1http://www.wikidata.org/entity/Q1566$921475
=650  \0$aMetronome$1http://www.wikidata.org/entity/Q156424$922225
=650  \0$aMusic history$1http://www.wikidata.org/entity/Q846047$921373
=942  \\$cBOO
=952  \\$00$10$2ddc$40$6MTP_1_000000000000000_MOSK$70$8MTP$922274$aORPH$bORPH$cKM12_1$d2022-11-17$l1$oMTP1 MOSK$p20139756$q2023-05-21$r2022-11-23 00:00:00$s2022-11-23$w2022-11-23$yBOO
=999  \\$d21314

