=LDR  02143nam a22002297a 4500
=001  21315
=005  20251001162314.0
=008  221123s2022\\\\||||||||\||||\00|\0\eng\d
=020  \\$a9781783276899
=041  \\$aeng
=245  \\$aThe Heroic in Music
=260  \\$aWoodbridge$bBoydell$c2022
=300  \\$axii-290 pages
=520  \\$aReconstructs the socio-political history of the heroic in music through case studies spanning the middle ages to the twenty-first century

The first part of this volume reconstructs the various musical strategies that composers of medieval chant, Renaissance madrigals, and Baroque operas, cantatas or oratorios employed when referring to heroic ideas exemplifying their personal moral and political values. A second part investigating the eighteenth and nineteenth centuries expands the previous narrow focus on Beethoven's heroic middle period and the cult of the virtuoso. It demonstrates the wide spectrum of heroic positions - national, ethnic, revolutionary, bourgeois and spiritual - that filtered not only into 'classical' large-scale heroic symphonies and virtuoso solo concerts, but also into chamber music and vernacular dance music.

The third part documents the forced heroization of music in twentieth-century totalitarian regimes such as Nazi-Germany and the Soviet Union and its consequences for heroic thinking and musical styles in the time thereafter. Final chapters show how recent rock-folk and avant-garde musicians in North America and Europe feature new heroic models such as the everyday hero and the scientific heroine revealing new confidence in the idea of the heroic.
=650  \0$aMusic history$1http://www.wikidata.org/entity/Q846047$921373
=650  \0$aMusic philosophy and aesthetics$1http://www.wikidata.org/entity/Q2092865$921165
=650  \0$aPolitics$1http://www.wikidata.org/entity/Q7163$921826
=700  \\$4edt$aKutschke, Beate$918892
=700  \\$4edt$aButler, Katherine$925349
=942  \\$cBOO
=952  \\$00$10$2ddc$40$6AES_KUTS$70$8AES$922275$aORPH$bORPH$cKM12_1$d2022-11-17$l1$oAES KUTS$p20139755$q2023-05-21$r2022-11-23 00:00:00$s2022-11-23$w2022-11-23$yBOO
=999  \\$d21315

