=LDR  02848nam a22002537a 4500
=001  21316
=008  221123s2022\\\\|||ao|||\||||\00|\0\eng\d
=020  \\$a9781783276738
=041  \\$aeng
=100  \\$4aut$aKirby, Sarah$925351
=245  \\$aExhibitions, Music and the British Empire
=260  \\$a2022$bBoydell$cWoodbridge
=300  \\$axiii-246-[3] pages
=490  \\$aMusic in Britain, 1600-2000
=520  \\$aCombining approaches from reception studies and historical musicology, this book demonstrates how the representation of music at exhibitions drew the press and public into debates about music's role in society.

International exhibitions were among the most significant cultural phenomena of the late nineteenth century. These vast events aimed to illustrate, through displays of physical objects, the full spectrum of the world's achievements, from industry and manufacturing, to art and design. But exhibitions were not just visual spaces. Music was ever present, as a fundamental part of these events' sonic landscape, and integral to the visitor experience.

This book explores music at international exhibitions held in Australia, India, and the United Kingdom during the 1880s. At these exhibitions, music was codified, ordered, and all-round 'exhibited' in manifold ways. Displays of physical instruments from the past and present were accompanied by performances intended to educate or to entertain, while music was heard at exhibitors' stands, in concert halls, and in the pleasure gardens that surrounded the exhibition buildings. Music was depicted as a symbol of human artistic achievement, or employed for commercial ends. At times it was presented in nationalist terms, at others as a marker of universalism. This book argues, by interrogating the multiple ways that music was used, experienced, and represented, that exhibitions can demonstrate in microcosm many of the broader musical traditions, purposes, arguments, and anxieties of the day. Its nine chapters focus on sociocultural themes, covering issues of race, class, public education, economics, and entertainment in the context of music, tracing these through the networks of communication that existed within the British Empire at the time.
=648  \0$a19th Century (1801-1900)$1http://www.wikidata.org/entity/Q6955$920935
=650  \0$aMusic history$1http://www.wikidata.org/entity/Q846047$921373
=650  \0$aExhibition$1http://www.wikidata.org/entity/Q464980$925353
=651  \0$aAustralia$1http://www.wikidata.org/entity/Q408$924208
=651  \0$aIndia$1http://www.wikidata.org/entity/Q668$922078
=651  \0$aUnited Kingdom$1http://www.wikidata.org/entity/Q21$9273
=942  \\$cBOO
=952  \\$00$10$2ddc$40$6TOP_GB_6_000000000000000$70$8TOP$922276$aORPH$bORPH$cKTS0$d2022-11-17$l1$oTOP GB 6$p20139767$r2025-06-25 10:02:03$s2022-11-23$yBOO
=999  \\$d21316

