=LDR  02094nam a22002417a 4500
=001  21329
=005  20251001162314.0
=008  221207r20222010|||a||||\||||\00|\0\eng\d
=020  \\$a9781838003944
=041  \\$aeng
=100  \\$4aut$aOliveros, Pauline$d1932-2016$1http://www.wikidata.org/entity/Q444857$916758
=245  \\$aQuantum Listening
=260  \\$aUnited Kingdom$bIgnota$c2022
=300  \\$a70 pages
=520  \\$aWhat is the difference between hearing and listening? Does sound have consciousness? Can you imagine listening beyond the edge of your own imagination?
 
In response to the anti-war movements of the 1960s, pioneering musician and composer Pauline Oliveros began to expand the way she made music, experimenting with meditation, movement and activism in her compositions. Fascinated by the role that sound and consciousness play in our daily lives, Oliveros developed a series of Sonic Meditations that would eventually lead to the creation of Deep Listening – a practice for healing and transformation open to all, rooted in her musicianship. 
 
Quantum Listening is a manifesto for listening as activism. Through simple yet profound exercises, Oliveros shows how Deep Listening is the foundation for a radically transformed social matrix: one in which compassion and peace form the basis for our actions in the world. 

This timely edition brings Oliveros’ futuristic vision – blending technology and spirituality – together with a new Foreword and Introduction by Laurie Anderson and IONE.
=650  \0$aMusic philosophy and aesthetics$1http://www.wikidata.org/entity/Q2092865$921165
=650  \0$aListening$1http://www.wikidata.org/entity/Q6646450$925432
=700  \\$4win$aAnderson, Laurie$d-1947$1http://www.wikidata.org/entity/Q235066$925429
=700  \\$4win$aIone, Carole$d-1937$1http://www.wikidata.org/entity/Q94635177$925431
=700  \\$4ill$aSatz, Aura$d-1974$925430
=942  \\$cBOO
=952  \\$00$10$2ddc$40$6AES_OLIV$70$8AES$922298$aORPH$bORPH$cKM12_1$d2022-12-07$l1$m1$oAES OLIV$p20139849$q2023-12-01$r2022-12-09 00:00:00$s2022-12-09$yBOO
=999  \\$d21329

