=LDR  02143pam a2200241 a 4500
=001  21330
=008  980721t20021988\\\\\\\\\b\\\\001\0beng\\
=020  \\$a9780753500590
=041  \\$aeng
=100  \\$aMiles, Barry$d-1943$4aut$1http://www.wikidata.org/entity/Q809078$925433
=245  10$aJack Kerouac, King of the Beats:$ba Portrait
=260  \\$aLondon$bVirgin$c2002
=300  \\$axx-396 pages
=504  \\$aIncludes bibliographical references (p. 317-323) and index.
=520  \\$aBarry Miles, friend and official biographer of Allen Ginsberg and William Burroughs, presents a provocative and intimate portrait of one of the 20th century's most influential writers. Meticulously researched, this is a compelling exploration of the complex man and extraordinary writer whose creative mishmash of joyous incoherence, drug-induced ecstasy, genuine mysticism, and constant craving has persuaded so many to take to the road. In conformist 1950s America, Jack Kerouac's On the Road was greeted with both delirium and dismay. For his generation, he and the universe he created symbolized freedom. He identified the living pulse of America in jazz clubs and fast cars, and found vibrancy in hobos hopping freight cars and traveling the highways. In his hunt for the big experience and his longing for greatness, Kerouac has inspired each successive generation. He is now an icon, an image, an attitude, forever personifying "the mad ones, the ones who are mad to live, mad to be saved, desirous of everything at the same time." This candid biography reveals a man full of contradictions, rarely at peace with himself.
=600  \0$aKerouac, Jack$d1922-1969$1http://www.wikidata.org/entity/Q160534$925434
=650  \0$aPoetry$1http://www.wikidata.org/entity/Q482$93026
=650  \0$aLiterature$1http://www.wikidata.org/entity/Q8242$94439
=650  \0$aBiography$1http://www.wikidata.org/entity/Q36279$91927
=650  \0$aCuckoo$1http://www.wikidata.org/entity/Q18845$922474
=942  \\$cBOO
=952  \\$00$10$2ddc$40$6LIT_KERO_B$70$8LIT$922299$aORPH$bORPH$cKM12_2_H$d2022-12-07$l0$oLIT KERO b$p20139850$r2022-12-07 00:00:00$w2022-12-07$yBOO
=999  \\$d21330

