=LDR  02792njm a22002657a 4500
=001  21345
=005  20250926134858.0
=008  230111s2022\\\\||||||||\||||\00|\0\mul\d
=041  \\$ager$aeng
=100  \\$4cmp$aBach, Johann Sebastian$d1685-1750$1http://www.wikidata.org/entity/Q1339$94766
=245  \\$aSonaten und Partiten für Violine Solo:$b"Sei Solo"
=260  \\$aRatingen$bArs Produktion$c2022
=300  \\$a2 CDs, 02:41:22$ebooklet
=505  \\$gCD 1: Sonata BWV 1001 in g -- Partita BWV 1002 in h -- Sonata BWV 1003 in a
=505  \\$gCD 2: Partita BWV 1004 in d -- Sonata BWV 1005 in C -- Partita BWV 1006 in E
=520  \\$aIn this groundbreaking release from violinist Daniel Auner, advised and coached by musicologist Dagmar Glüxam, listeners can hear something new - and old! - in these cherished works. In consultation with one of the world's leading experts on the thinking about emotion in music that Bach and his contemporaries learned and used, Auner has brought the baroque principles of affect and rhetoric back to the fore in a series of moving interpretations.

Glüxam writes: "the first question that may arise in reaction to this new recording of the Sei Solo (BWV 1001–1006) for solo violin by Johann Sebastian Bach is whether it is justified; there are already numerous recordings of this work, why then another one? The answer can be found in [my] recently published book Aus der Seele muss man spielen...

"This recording by the Austrian violinist Daniel Auner is probably the first one made of an interpretation achieved thorough consistent application of the principles of affect theory and musical rhetoric. Why is the 'affect' so immensely important in 17th- and 18th-century music, and particularly in the Sei Solo? An affect (also called Affekt, Leydenschaft, passion, emotion, sentiment, etc.) is a term used to describe human emotions, and was undisputedly the foundation of musical thought in this time period. Every composer was obliged to musically encode, so to say, a spectrum of these emotions in their work." Bach was no exception, and here, Auner accesses this way of feeling once more.
=650  \0$aViolin$1http://www.wikidata.org/entity/Q8355$92783
=650  \0$aSonata$1http://www.wikidata.org/entity/Q131269$921653
=650  \0$aHistorically informed performance$1http://www.wikidata.org/entity/Q1344860$920980
=650  \0$aAffect$1http://www.wikidata.org/entity/Q159904$92060
=700  \\$4prf$aAuner, Daniel$d-1987$eviolinist$1http://www.wikidata.org/entity/Q1159967$925589
=700  \\$4res$aGlüxam, Dagmar$911160
=942  \\$cREC
=952  \\$00$10$2ddc$40$6REC_CD_AUNE_2022_000000000000000$70$8REC$922336$aORPH$bORPH$cKM12_2_B$d2023-01-11$l1$oREC CD AUNE 2022$p20139986$r2023-05-17 00:00:00$s2023-01-11$w2023-01-11$yREC
=999  \\$d21345

