=LDR  02417nas a22003737a 4500
=001  21346
=005  20251001162314.0
=008  230111s1969\\\\|||q||||\||||\00|\0\ita\d
=041  \\$aita
=100  \\$4edt$aAnceschi, Luciano$d1911-1995$1http://www.wikidata.org/entity/Q3838517$925590
=245  \\$aIl Verri. Rivista di letteratura:$bNuova musica
=260  \\$aBologna$bFeltrinelli$c1969
=300  \\$a178 pages
=490  \\$vNr. 30
=500  \\$aIl Verri is a quarterly literary magazine founded in Milan in 1956 by Luciano Anceschi, who was its first editor. Its contributors included Nanni Balestrini, Giulia Niccolai, Antonio Porta, Giuseppe Pontiggia and other young intellectuals who used to meet in the cafés of Milan. From its start in 1956 Il Verri has been instrumental in making some approaches familiar in Italy such as phenomenology, structuralism and semiology.
=650  \0$aLiterature$1http://www.wikidata.org/entity/Q8242$94439
=650  \0$aMusic philosophy and aesthetics$1http://www.wikidata.org/entity/Q2092865$921165
=650  \0$aCrescendo$1http://www.wikidata.org/entity/Q2347888$922787
=650  \0$aPeriodical$1http://www.wikidata.org/entity/Q1002697$921106
=700  \\$4aut$aAdorno, Theodor W.$d1903-1969$1http://www.wikidata.org/entity/Q152388$915795
=700  \\$4aut$aCage, John$d1912-1992$1http://www.wikidata.org/entity/Q180727$916600
=700  \\$4aut$aSchnebel, Dieter$d1930-2018$1http://www.wikidata.org/entity/Q264475$916780
=700  \\$4aut$aFeldman, Morton$d1926-1987$1http://www.wikidata.org/entity/Q316427$917012
=700  \\$4aut$aKagel, Mauricio$d1931-2008$1http://www.wikidata.org/entity/Q178293$916378
=700  \\$4aut$aStockhausen, Karlheinz$d1928-2007$1http://www.wikidata.org/entity/Q37546939$915865
=700  \\$4aut$aDonatoni, Franco$d1927-2000$1http://www.wikidata.org/entity/Q550236$924154
=700  \\$4aut$aBortolotto, Mario$d1927-2017$1http://www.wikidata.org/entity/Q3848362$925592
=700  \\$4aut$aMetzger, Heinz-Klaus$d1932-2009$916532
=700  \\$4aut$aRzewski, Frederic$d1938-2021$1http://www.wikidata.org/entity/Q1346849$918579
=700  \\$4aut$aEsposito, Salvatore$925595
=700  \\$4aut$aCardew, Cornelius$d1936-1981$920102
=942  \\$cBOO
=952  \\$00$10$2ddc$40$6PER_ILVE$70$8PER$922337$aORPH$bORPH$cKM12_1$d2022-12-20$l1$oPER ILVE$p20139980$q2023-07-08$r2023-01-11 00:00:00$s2023-01-11$v30.00$w2023-01-11$yBOO
=999  \\$d21346

