=LDR  02484cas a2200325   4500
=001  21347
=005  20250925143309.0
=008  751101i19571971gw\gr\\\\\\\\\0\\\b0ger\\
=022  0\$a0548-2879
=041  \\$ager
=100  \\$4edt$aThomas, Ernst$917297
=245  00$aNeue Musik in der Bundesrepublik Deutschland:$bDokumentation
=260  \\$aDarmstadt$aBerlin$aWiesbaden$bDeutsche Sektion der IGNM$cBote & Bock
=500  \\$aIn every volume, there are some sheets of photographs inserted
=550  \\$aIssued by International Society for Contemporary Music, German Section.
=648  \0$a20th Century (1901-2000)$1http://www.wikidata.org/entity/Q6927$920936
=650  \0$aConcert$1http://www.wikidata.org/entity/Q182832$921044
=650  \0$aMusic history$1http://www.wikidata.org/entity/Q846047$921373
=651  \0$aGermany$1http://www.wikidata.org/entity/Q183$9155
=700  \\$4win$aFortner, Wolfgang$917643
=710  \\$aGesellschaft für Neue Musik (Frankfurt am Main, Germany)$1http://www.wikidata.org/entity/Q1518495$925596
=942  \\$cBOO
=952  \\$00$10$2ddc$31967/68-1968/69$40$6TOP_DE_7_000000000000000$70$8TOP$922338$aORPH$bORPH$cKTS0$d2023-01-09$l2$oTOP DE 7$p20139981$q2023-07-27$r2023-01-30 00:00:00$s2023-01-30$v16.38$w2023-01-11$yBOO
=952  \\$00$10$2ddc$31969/70-1970/71$40$6TOP_DE_7_000000000000000$70$8TOP$922374$aORPH$bORPH$cKTS0$d2023-01-20$l1$oTOP DE 7$p20140088$q2023-07-22$r2023-01-25 00:00:00$s2023-01-25$v37.00$w2023-01-11$yBOO
=952  \\$00$10$2ddc$31957/58$40$6TOP_DE_7_000000000000000$70$8TOP$922375$aORPH$bORPH$cKTS0$d2023-01-24$l1$oTOP DE 7$p20140089$q2023-07-22$r2023-01-25 00:00:00$s2023-01-25$v18.00$w2023-01-11$yBOO
=952  \\$00$10$2ddc$31958/59$40$6TOP_DE_7_000000000000000$70$8TOP$922376$aORPH$bORPH$cKTS0$d2023-01-24$l1$oTOP DE 7$p20140090$q2023-07-22$r2023-01-25 00:00:00$s2023-01-25$v18.00$w2023-01-11$yBOO
=952  \\$00$10$2ddc$31959/60$40$6TOP_DE_7_000000000000000$70$8TOP$922377$aORPH$bORPH$cKTS0$d2023-01-24$l1$oTOP DE 7$p20140091$q2023-07-22$r2023-01-25 00:00:00$s2023-01-25$v18.00$w2023-01-11$yBOO
=952  \\$00$10$2ddc$31960/61$40$6TOP_DE_7_000000000000000$70$8TOP$922378$aORPH$bORPH$cKTS0$d2023-01-24$l1$oTOP DE 7$p20140092$q2023-07-22$r2023-01-25 00:00:00$s2023-01-25$v18.00$w2023-01-11$yBOO
=952  \\$00$10$2ddc$31961/62-1962/63$40$6TOP_DE_7_000000000000000$70$8TOP$922379$aORPH$bORPH$cKTS0$d2023-01-24$l1$oTOP DE 7$p20140093$q2023-07-22$r2023-01-25 00:00:00$s2023-01-25$v18.00$w2023-01-11$yBOO
=999  \\$d21347

