=LDR  02260cam a2200265ui 4500
=001  21348
=005  20251001162235.0
=008  180824s2018\\\\ne\\\\\||\\\\|000\||eng|d
=020  \\$a9789492095589
=041  1\$aeng
=100  \\$4edt$aLijster, Thijs$d-1981$925597
=245  04$aThe Future of the New:$bArtistic Innovation in Times of Social Acceleration
=260  \\$aAmsterdam$bValiz$c2018
=300  \\$a303 pages
=500  \\$aContributors: Lietje Bauwens, Franco 'Bifo' Berardi, Robin Celikates, Wouter de Raeve, Elena Esposito, Boris Groys, Alice Haddad, Akiem Helmling, Bojana Kunst, Thijs Lijster, Suhail Malik, Benjamin Noys, Hartmut Rosa, Nick Srnicek Carolyn F. Strauss, Rolando Vázquez, Alex Williams
=520  \\$aIn The Future of the New: Artistic Innovation in Times of Social Acceleration artists, theorists, and professionals working the art field reflect on the role of the arts in a world that is speeding up and changing through joint forces of globalization, digitization, commodification, and financialization. Can artistic innovation still function as a source of critique? How do artists, theorists, and art organizations deal with the changing role of and discourse on innovation? Should we look for alternative ways to innovate, or should we change our discourse and look for other (new!) ways to talk about the new? Combining timely analyses of contemporary art and inspiring visions for the future, The Future of the New attempts to set the agenda for the debate on the function, value and future of artistic innovation.
=650  \0$aArtistic research$1http://www.wikidata.org/entity/Q20827087$921804
=650  \0$aTechnology$1http://www.wikidata.org/entity/Q11016$921633
=650  \0$aImagination$1http://www.wikidata.org/entity/Q34516$92945
=650  \0$aAesthetics$1http://www.wikidata.org/entity/Q35986$921494
=650  \0$aCrescendo$1http://www.wikidata.org/entity/Q2347888$922787
=856  \\$uhttp://www.westdenhaag.nl/information/exhibitions/18_10_The_Future_of_the_New/more1/TheFutureOfTheNew.pdf
=942  \\$cBOO
=952  \\$00$10$2ddc$40$6MTP_3_000000000000000_LIJS$70$8MTP$922339$aORPH$bORPH$cKM12_1$d2023-01-06$l1$m1$oMTP3 LIJS$p20139985$q2024-01-03$r2023-01-11 00:00:00$s2023-01-11$v19.90$w2023-01-11$yBOO
=999  \\$d21348

