=LDR  02591nam a22002655i 4500
=001  21349
=005  20251001162235.0
=008  180423s2018\\\\nyu\\\\\\\\\\\000\0\eng\\
=020  \\$a9783319895178
=041  \\$aeng
=245  10$aFrench Philosophy of Technology:$cClassical Readings and Contemporary Approaches
=260  \\$aCham$bSpringer$c2018
=300  \\$a400 pages
=490  \\$aPhilosophy of Engineering and Technology$v29
=520  \\$aOffering an overall insight into the French tradition of philosophy of technology, this volume is meant to make French-speaking contributions more accessible to the international philosophical community. The first section, “Negotiating a Cultural Heritage,” presents a number of leading 20th century philosophical figures (from Bergson and Canguilhem to Simondon, Dagognet or Ellul) and intellectual movements (from Personalism to French Cybernetics and political ecology) that help shape philosophy of technology in the Francophone area, and feed into contemporary debates (ecology of technology, politics of technology, game studies). The second section, “Coining and Reconfiguring Technoscience,” traces the genealogy of this controversial concept and discusses its meanings and relevance. A third section, “Revisiting Anthropological Categories,” focuses on the relationships of technology with the natural and the human worlds from various perspectives that include anthropotechnology, Anthropocene, technological and vital norms and temporalities. The final section, “Innovating in Ethics, Design and Aesthetics,” brings together contributions that draw on various French traditions to afford fresh insights on ethics of technology, philosophy of design, techno-aesthetics and digital studies. The contributions in this volume are vivid and rich in original approaches that can spur exchanges and debates with other philosophical traditions.
=650  \0$aPhilosophy$1http://www.wikidata.org/entity/Q5891$92357
=650  \0$aTechnology$1http://www.wikidata.org/entity/Q11016$921633
=650  \0$aAesthetics$1http://www.wikidata.org/entity/Q35986$921494
=651  \0$aFrance$1http://www.wikidata.org/entity/Q142$9131
=700  \\$4edt$aGuchet, Xavier$1http://www.wikidata.org/entity/Q90111322$925600
=700  \\$4edt$aLoeve, Sacha$925599
=700  \\$4edt$aBensaude-Vincent, Bernadette$1http://www.wikidata.org/entity/Q2897345$925601
=942  \\$cBOO
=952  \\$00$10$2ddc$40$70$8PHI$922340$aORPH$bORPH$d2022-12-06$l1$p20139984$q2023-07-08$r2023-01-11 00:00:00$s2023-01-11$v52.42$w2023-01-11$yBOO
=999  \\$d21349

