=LDR  02914aam a2200253   4500
=001  21350
=008  170929r20202019\\\gh\\\\\\\\\\\\\0\eng\d
=020  \\$a9790006568185
=041  \\$aeng
=100  \\$4aut$aDel Mar, Jonathan$916215
=245  \\$aComplete Sonatas for Pianoforte:$bCritical Commentary
=250  \\$a2nd ed.
=260  \\$aKassel$bBärenreiter$c2020
=300  \\$a313-[3] pages
=490  \\$aBärenreiter Urtext
=505  \\$gSigns and conventions -- Appendices -- Critical Commentary -- Sonatas in E-flat major, F minor, D major WoO 47 -- Sonatas in F minor, A major, C major op. 2 -- Sonata in E-flat major op. 7 -- Sonatas in C minor, F major, D major op. 10 -- Sonata in C minor op . 13 (Pathétique) -- Sonatas in E major, G major op. 14 -- Sonata in B-flat major op. 22 -- Sonata in A-flat major op. 26 -- Sonatas in E-flat major, C-sharp minor op. 27 -- Sonata in D major op. 28 -- Sonatas in G major, D minor, E-flat major op. 31 -- Sonatas in G minor, G major op. 49 -- Sonata in C major op. 53 -- Sonata in F major op. 54 -- Sonata in F minor op. 57 -- Sonata in F-sharp major op. 78 -- Sonata in G major op. 79 -- Sonata in E-flat major op. 81a (Lebewohl, Abwesenheit und Wiedersehn) -- Sonata in E minor op . 90 -- Sonata in A major op. 101 -- Sonata in B-flat major op. 106 -- Sonata in E major op. 109 -- Sonata in A-flat major op. 110 -- Sonata in C minor op . 111 -- Appendix 1: Suspected errors -- Appendix 2: Alternative readings -- Appendix 3: First movement: Differences between A1 and A2 -- Appendix 4: Authentic readings in later sources -- Bibliography
=520  \\$aAlongside the Urtext edition of Beethoven’s 35 piano sonatas which sets new standards for the 21st century, world-renowned Beethoven expert Jonathan Del Mar presents a Critical Commentary to this body of works.

With diligence and factual accuracy, he documents readings and editorial decisions, discusses problematic sections and provides answers for questions that have occupied and divided scholars for decades, including Beethoven’s notational idiosyncrasies and particular issues relating to performance practice. The Critical Commentary is more than a mere list of findings: It is a fascinating read offering valuable glimpses into Beethoven’s compositional process. This scholarly contribution is unparalleled in its precision and indispensable for in-depth studies of Beethoven’s piano sonatas.
=600  \0$aBeethoven, Ludwig van$d1770-1827$1http://www.wikidata.org/entity/Q255$95335
=650  \0$aSonata$1http://www.wikidata.org/entity/Q131269$921653
=650  \0$aPiano$1http://www.wikidata.org/entity/Q5994$92127
=650  \0$aMusical analysis$1http://www.wikidata.org/entity/Q1544924$92775
=942  \\$cSCO
=952  \\$00$10$2ddc$40$6BIO_BEET_E$70$8BIO$922341$aORPH$bORPH$cKTS1_P$d2023-01-03$l1$oBIO BEET e$p20139983$q2023-07-08$r2023-01-11 00:00:00$s2023-01-11$w2023-01-11$yBOO
=999  \\$d21350

