=LDR  02614nam a22002417a 4500
=001  21351
=008  230111s2022\\\\||||||||\||||\00|\0\dut\d
=020  \\$a9789464015683
=041  \\$adut
=100  \\$4aut$aKnockaert, Yves$919163
=245  \\$aKlassieke meesters
=260  \\$aKalmthout$bPelckmans$c2022
=300  \\$a670 pages
=500  \\$aYves Knockaert is musicoloog. Tot 2019 was hij docent muziekgeschiedenis, muziekfilosofie en hedendaagse muziek aan LUCA School of Arts, Campus Lemmens in Leuven. Van 2006 tot 2011 was hij directeur van het Instituut voor Onderzoek in de Kunsten van de Associatie KU Leuven. Hij was los medewerker bij Radio 3, de voorloper van Klara. 
=520  \\$aGrote componisten hebben een invloed gehad op figuren na hen. Omgekeerd hebben die teruggeblikt op die grote componisten en hun commentaren niet gespaard. Alle componisten lonken naar tijdgenoten en reageren op hen: vriendschap en jaloezie, samenwerking en veinzerij, kritiek en vleierij. Sommige componisten schrijven slecht over een collega, maar durven hem dat niet in het gezicht te zeggen. Ook de invloed van buitenaf kan groot of klein zijn: sommige componisten zijn bang voor de pers, andere voor het publiek. De ene herwerkt na negatieve kritiek, de andere niet. De uitgever en de uitvoerders spelen een grote rol, soms ook de echtgenote of de zus. In dit boek kom je alles te weten over de grote klassieke meesters van de achttiende en negentiende eeuw. Geen muziekgeschiedenis, wel een verhaal van wie met wie omgaat en waarom, wie zich tegen wie afzet en waarom, wie teruggrijpt naar het verleden en waarom. En daarin spelen de achtergrond en de biografie van elke componist natuurlijk een rol. Komen onder anderen aan bod: • Georg Friedrich Händel: export naar Engeland • Johann Sebastian Bach: barok tegen elke prijs • Joseph Haydn: de laatste dienende componist • Ludwig van Beethoven: de reus • Niccoló Paganini: de vioolvirtuoos • Giachino Rossini: belcanto in de opera • Frédéric Chopin: Pool in Frankrijk •Pjotr Iljitsj Tsjaikovski: tussen Rusland en het Westen.
=650  \0$aMusic history$1http://www.wikidata.org/entity/Q846047$921373
=650  \0$aComposer$1http://www.wikidata.org/entity/Q36834$93625
=650  \0$aOpera$1http://www.wikidata.org/entity/Q1344$92468
=650  \0$aSymphony$1http://www.wikidata.org/entity/Q9734$92527
=651  \0$aEurope$1http://www.wikidata.org/entity/Q46$991
=942  \\$cBOO
=952  \\$00$10$2ddc$40$6GHM_5_000000000000000$70$8GHM$922342$aORPH$bORPH$cKM12_1$d2022-12-06$l0$oGHM5$p20139982$r2023-01-11 00:00:00$v45.00$w2023-01-11$yBOO
=999  \\$d21351

