=LDR  02198nam a22002417a 4500
=001  21352
=008  230112r20222018||||||||\||||\00|\0\eng\d
=041  \\$aeng$hita
=100  \\$4aut$aDella Libera, Luca$911038
=245  \\$aThe Roman Sacred Music of Alessandro Scarlatti
=260  \\$aOxon$aNew York$bRoutledge$c2022
=300  \\$a218 pages
=505  \\$gIntroduction$gPart I Scarlatti and the Eternal City: 1 The Roman Scene -- 2. Biography$gPart II The Repertoire: 3. Music for the Sistine Chapel and Cardinal Ottoboni -- 4. Music for Santa Maria Maggiore -- 5. Music on commission -- 6. Music for the Basilica of Santa Cecilia in Trastevere$gConclusion
=520  \\$aThis book offers an account of the sacred music written by Alessandro Scarlatti (1660–1725) in Rome, a city where the composer lived and worked for many years throughout his career. Using archival research, Luca Della Libera provides an overview of Scarlatti’s life and activities in Rome, addresses his connections with the institutions and patrons of the city, and analyses his Roman repertoire in comparison to the sacred music of other contemporary composers, demonstrating its unique characteristics. An appendix includes transcriptions of the archival sources connected with Scarlatti’s activity in Rome. The first major publication in English to address the sacred music repertoire of one of the major composers of the Italian Baroque, this book offers new insights into Scarlatti’s work and a valuable resource for researchers in musicology and early modern studies.
=600  \0$aScarlatti, Alessandro$d1660-1725$1http://www.wikidata.org/entity/Q183087$913800
=648  \0$a17th Century (1601-1700)$1http://www.wikidata.org/entity/Q7016$920923
=648  \0$a18th Century (1701-1800)$1http://www.wikidata.org/entity/Q7015$920899
=650  \0$aChurch music$1http://www.wikidata.org/entity/Q8812109$92283
=650  \0$aMass$1http://www.wikidata.org/entity/Q217295$92735
=651  \0$aRome (Italy)$1http://www.wikidata.org/entity/Q220$949
=942  \\$cBOO
=952  \\$00$10$2ddc$40$6BIO_SCAR1_E$70$8BIO$922343$aORPH$bORPH$cKTS1_P$d2023-01-12$l0$oBIO SCAR1 e$p20139995$r2023-01-12 00:00:00$w2023-01-12$yBOO
=999  \\$d21352

