=LDR  02188nam a22002897a 4500
=001  21353
=008  230112s2023\\\\|||aco||\||||\00|\0ddut\d
=020  \\$a9789463721592
=041  \\$adut
=100  \\$4aut$aAmerongen, Veronica van$925602
=245  \\$aVrouwelijke muziekmecenassen  in de Republiek der Nederlanden
=250  \\$a1st ed.
=260  \\$aAmsterdam$bAmsterdam University Press$c2023
=300  \\$a351 pages
=520  \\$aThe influence of women on musical life in the Dutch Republic (1579-1795) is much greater than has always been assumed so far. Indeed, women played a substantial role in supporting musicians through money or protection. Music historian Veronica van Amerongen discovered this by researching commissioned scores, subscription lists to musical pieces and payment for organs and chimes, among other things. It is noteworthy that women acted as patrons, because at that time they were not officially empowered to act and thus depended on relatives for financial expenditure.

Patronage was mainly associated with stadholder courts, wealthy women and the nobility. Stadholder's wives (from abroad) in particular played an important part in fostering a regal musical life. 'Winter Queen' Elizabeth Stuart (1595-1662) and the musical stadholder's wife Anna of Hanover (1709-1759) set the tone in this respect.
=648  \0$a16th Century (1501-1600)$1http://www.wikidata.org/entity/Q7017$920944
=648  \0$a17th Century (1601-1700)$1http://www.wikidata.org/entity/Q7016$920923
=648  \0$a18th Century (1701-1800)$1http://www.wikidata.org/entity/Q7015$920899
=650  \0$aMusic history$1http://www.wikidata.org/entity/Q846047$921373
=650  \0$aPatronage$1http://www.wikidata.org/entity/Q214092$94245
=650  \0$aFemale$1http://www.wikidata.org/entity/Q6581072$921764
=650  \0$aOrgan$1http://www.wikidata.org/entity/Q1444$92810
=650  \0$aBell$1http://www.wikidata.org/entity/Q101401$922519
=651  \0$aNetherlands$1http://www.wikidata.org/entity/Q55$9173
=942  \\$cBOO
=952  \\$00$10$2ddc$40$6TOP_NL_5_000000000000000$70$8TOP$922344$aORPH$bORPH$cKTS0$d2023-01-12$l0$oTOP NL 5$p20139994$r2023-01-12 00:00:00$w2023-01-12$yBOO
=999  \\$d21353

