=LDR  02680cam a2200241 i 4500
=001  21354
=008  180716t20182018be\a\\\\\b\\\\000\0\eng\\
=020  \\$a9789057186998
=041  \\$aeng
=245  00$aEvaluating Art and Design Research:$bReflections, Evaluation Practices and Research Presentations
=260  \\$aBrussels$bVUB Press$c2018
=300  \\$a205 pages$billustrations
=500  \\$aWith contributions from: Birgitte Martens, Karel Vanhaesebrouck, Luk Vaes, Peter De Graeve, Kathleen Coessens, Michael Schwab, Richard Blythe, Rolf Hughes, Gunnar Sivertsen, Hannah Joris, Jo van den Berghe, Jeroen D'Hoe, Aline Veiga Loureiro, Anne Pustlauk, Remco Roes, Mekhitar Garabedian, Jasper Rigole, Bart Geerts, Peter van Goethem, Wesley Meuris, Michiel Dewilde, Kim Gorus, Bizhan Mouradipour and Pawel Jankowsky.
=504  \\$aIncludes bibliographical references.
=520  \\$aArt and design research with its unique nature, its distinct practice-based research process and outcomes differs from scientific research and art and design praxis. The instutionalization of art and design research programmes in the past decade therefore poses major challenges for the parties involved.
The contributions to this book address these challenges in different respects. The first part of the book is devoted to the institutionalization of art and design research in Flanders, the detrimental effects according to some authors, the opportunities it brings according to others. International contributors present an overview of the ways in which the uniqueness, the distinct research process, the exhibition of art and design research outcomes is dealt with in research evaluation practices in Australia, Norway, Sweden and Flanders. The second part of the book showcases investigave paths and subsequent findings followed and found by researchers affiliated to the Flemish Schools of Arts.

The contributions address an audience of art and design research directors, coordinators and researchers and research professionals outside the field. It equally provides artists and designers with a selective overview of research activities being conducted within their domains of interest.
=650  \0$aFine art$1http://www.wikidata.org/entity/Q219625$921579
=650  \0$aArtistic research$1http://www.wikidata.org/entity/Q20827087$921804
=651  \0$aFlanders (Belgium)$1http://www.wikidata.org/entity/Q234$989
=700  \\$aYsebaert, Walter$4edt$925604
=700  \\$aKerckhoven, Binke van$4edt$925605
=942  \\$cBOO
=952  \\$00$10$2ddc$40$6MTP_3_000000000000000_YSEB$70$8MTP$922345$aORPH$bORPH$cKM12_1$d2023-01-12$l0$oMTP3 YSEB$p20139993$r2023-01-12 00:00:00$w2023-01-12$yBOO
=999  \\$d21354

