=LDR  00853nam a22002057a 4500
=001  21355
=008  230112s2018\\\\|||ao|||\||||\00|\0dpor\d
=020  \\$a9788570640550
=041  \\$apor
=100  \\$4edt$aJoubert, Jean$925606
=245  \\$a60 motivos para ouvir a UFRN
=260  \\$aNatal$bSEDIS-UFRN$c2018
=300  \\$a203 pages
=500  \\$aBook concerning higher music education at  EMUFRN, with information about the teachers and the school.
=650  \0$aMusic education$1http://www.wikidata.org/entity/Q27908$921766
=651  \0$aBrazil$1http://www.wikidata.org/entity/Q155$9209
=856  \\$uhttps://issuu.com/danielorkae/docs/60_motivos_18dez2018_digital_01
=942  \\$cBOO
=952  \\$00$10$2ddc$40$6MTP_4_000000000000000_JOUB$70$8MTP$922346$aORPH$bORPH$cKM12_1$d2023-01-12$l0$oMTP4 JOUB$p20139992$r2023-01-12 00:00:00$w2023-01-12$yBOO
=999  \\$d21355

