=LDR  01075nam a22002417a 4500
=001  21356
=005  20250926134858.0
=008  230112s2017\\\\|||ao|||\||||\00|\0\dut\d
=041  \\$adut
=100  \\$4aut$aPotvlieghe, Joris$d1967$1http://www.wikidata.org/entity/Q2682372$925607
=245  \\$aHet clavichord in het leven van Johann Sebastian Bach
=260  \\$c2017
=300  \\$a40 pages
=500  \\$aTest print before publication of the article in a journal (?)
=500  \\$aPublished in French in 2020 and in English in 2016
=600  \0$aBach, Johann Sebastian$d1685-1750$1http://www.wikidata.org/entity/Q1339$94766
=650  \0$aMusic history$1http://www.wikidata.org/entity/Q846047$921373
=650  \0$aClavichord$1http://www.wikidata.org/entity/Q191823$92126
=650  \0$aComposer$1http://www.wikidata.org/entity/Q36834$93625
=651  \0$aGermany$1http://www.wikidata.org/entity/Q183$9155
=942  \\$cBOO
=952  \\$00$10$2ddc$40$6BIO_BACH1_E$70$8BIO$922352$aORPH$bORPH$cKTS1_P$d2023-01-12$l0$oBIO BACH1 e$p20139991$r2023-01-12 00:00:00$w2023-01-12$yCHA
=999  \\$d21356

