=LDR  01400nam a22002297a 4500
=001  21360
=008  230125s2003\\\\|||ag|||\||||\00|\0\ger\d
=020  \\$a3897272504
=041  \\$ager
=100  1\$4aut$aMeyer-Denkmann, Gertrud$d1918-2014$1http://www.wikidata.org/entity/Q18810292$925664
=245  \\$aMehr als nur Töne:$bAspekte des Gestischen in neuer Musik und im Musiktheater
=260  \\$aSaarbrücken$bPfau$c2003
=300  \\$a109 pages
=520  \\$aPractising music requires body movement. Body movement is gesture. And gesture is giving meaning. It transfers the reproduction of the musical text into sound speech. In her study, Gertrud Meyer-Denkmann traces one-composed gestures: in contemporary music theatre, in new instrumental music, in current video installations and in present-day raves.
=650  \0$aGesticulation$1http://www.wikidata.org/entity/Q1519539$922031
=650  \0$aTheater history$1http://www.wikidata.org/entity/Q1061140$94607
=650  \0$aMusic theater$1http://www.wikidata.org/entity/Q96394452$92065
=650  \0$aMusic history$1http://www.wikidata.org/entity/Q846047$921373
=650  \0$aMusical analysis$1http://www.wikidata.org/entity/Q1544924$92775
=942  \\$cBOO
=952  \\$00$10$2ddc$40$6MTP_2_000000000000000_MEYE$70$8MTP$922380$aORPH$bORPH$cKM12_1$d2023-01-20$l1$oMTP2 MEYE$p20140094$q2023-07-22$r2023-01-25 00:00:00$s2023-01-25$w2023-01-25$yBOO
=999  \\$d21360

