=LDR  02219nam a22002297a 4500
=001  21361
=005  20250925143309.0
=008  230125s2005\\\\|||o||||\||||\00|\0\eng\d
=041  \\$aeng
=100  1\$4aut$925666$aMonod, David$d1960-
=245  \\$aSettling Scores:$bGerman Music, Denazification, and the Americans, 1945-1953
=260  \\$aChapel Hill$aLondon$bUniversity of North Carolina Press$c2005
=300  \\$axiv-325 pages
=520  \\$aClassical music was central to German national identity in the early twentieth century. The preeminence of composers such as Bach and Beethoven and artists such as conductor Wilhelm Furtwangler and pianist Walter Gieseking was cited by the Nazis as justification for German expansionism and as evidence of Aryan superiority. In the minds of many Americans, further German aggression could be prevented only if the population's faith in its moral and cultural superiority was shattered. In Settling Scores, David Monod examines the attempted "denazification" of the German music world by the Music Control Branch of the Information Control Division of Military Government.

The occupying American forces barred from the stage and concert hall all former Nazi Party members and even anyone deemed to display an "authoritarian personality." They also imported European and American music. These actions, however, divided American officials and outraged German audiences and performers. Nonetheless, the long-term effects were greater than has been previously recognized, as German government officials regained local control and voluntarily limited their involvement in artistic life while promoting "new" (anti-Nazi) music.
=648  \0$a20th Century (1901-2000)$1http://www.wikidata.org/entity/Q6927$920936
=650  \0$aMusic history$1http://www.wikidata.org/entity/Q846047$921373
=650  \0$aPolitics$1http://www.wikidata.org/entity/Q7163$921826
=651  \0$aGermany$1http://www.wikidata.org/entity/Q183$9155
=651  \0$aUSA$1http://www.wikidata.org/entity/Q30$943
=942  \\$cBOO
=952  \\$00$10$2ddc$40$6TOP_DE_7_000000000000000$70$8TOP$922381$aORPH$bORPH$cKTS0$d2023-01-20$l1$oTOP DE 7$p20140096$q2023-07-22$r2023-01-25 00:00:00$s2023-01-25$w2023-01-25$yBOO
=999  \\$d21361

