=LDR  01459ncm a22002537a 4500
=001  21362
=008  230125r19701958|||||l||\||||\00|\0\ita\d
=041  \\$aita
=100  \\$4cmp$aHambraeus, Bengt$d1928-2000$1http://www.wikidata.org/entity/Q817224$925067
=245  \\$aIntroduzione - Sequenze - Coda
=260  \\$aStockholm$bHansen$c1970
=300  \\$a45 pages
=500  \\$aBengt Hambraeus (1928-2000) was a Swedish-Canadian organist, composer and musicologist.
=500  \\$aHambraeus composed primarily for organ, often combined with electronics and orchestra, but also wrote many works for full orchestra, chamber ensembles, choir, and solo instruments. He was very interested in electronic, serial and non-European music and about the use of spatial effects.
=500  \\$aThis piece was written for three flutes, six percussionists and two amplifiers.
=534  \\$aOriginally published in 1958–59
=650  \0$aInstrumental music$1http://www.wikidata.org/entity/Q639197$92106
=650  \0$aFlute$1http://www.wikidata.org/entity/Q11405$921276
=650  \0$aPercussion$1http://www.wikidata.org/entity/Q1661583$92155
=650  \0$aTechnology$1http://www.wikidata.org/entity/Q11016$921633
=650  \0$aAcoustics$1http://www.wikidata.org/entity/Q82811$921365
=942  \\$cSCO
=952  \\$00$10$2ddc$40$6SCO_HAMB$70$8SCO$922382$aORPH$bORPH$cKTS1_P$d2023-01-16$l1$oSCO HAMB$p20140095$q2023-07-22$r2023-01-25 00:00:00$s2023-01-25$w2023-01-25$ySCO
=999  \\$d21362

