=LDR  00948naa a22002177a 4500
=001  21365
=005  20250925143309.0
=008  230126q1968\\\\||||||||\||||\10|\0\eng\d
=041  \\$aeng
=100  \\$4aut$aAddis, Laird$918447
=245  \\$aOn the Reduction of Sociology to Psychology
=260  \\$a[Pittsburgh]$c[1968]
=300  \\$a[12] folios
=500  \\$aTypescript of a lecture given at the biennial conference of the Philosophy of Science Association, Pittsburgh, 11-13 October 1968
=561  \\$aContains a post-it with a handwritten dedication to Gerard Corver
=648  \0$a20th Century (1901-2000)$1http://www.wikidata.org/entity/Q6927$920936
=650  \0$aSociology$1http://www.wikidata.org/entity/Q21201$924938
=650  \0$aPsychology$1http://www.wikidata.org/entity/Q9418$922578
=942  \\$cMS
=952  \\$00$10$2ddc$40$6PHI_ADDI_A$70$922386$aORPH$bORPH$d2023-01-26$l0$oPHI ADDI a$p20132074$r2023-01-26 00:00:00$w2023-01-26$yMS
=999  \\$d21365

