=LDR  01574ncm a22002777a 4500
=001  21366
=008  230126s1843\\\\|||||le|\||||\00|\0\fre\d
=024  \\$2Le Ménestrel$aA. L. 4
=041  \\$afre
=059  \\$aflag crt fl vn
=100  1\$4cmp$aLeduc, Aphonse$d1804-1868$1http://www.wikidata.org/entity/Q50333026$925678
=245  \\$aJean-Bart.$bQuadrille maritime
=260  \\$aParis$bLe Ménestrel$bMeissonnier et Heugel
=300  \\$a4 pages$eoblong
=500  \\$aJan Baert, also known by his French name Jean Bart (Dunkirk, 1650-1702) was a Flemish privateer in French service. He was famous for his courage and agility. He managed to capture 386 ships, and sunk or set fire to a large number of vessels. For this reason, he was also called "the terror of the North Sea". 
=500  \\$aThe beautiful lithograph on the front cover, by Derancourt, depicts one of Jan Baert's conquests
=500  \\$aRare set of instrumental parts, which were probably supposed to be cut to distribute to the players.
=590  \\$aÀ Madame Gufflet
=648  \0$a19th Century (1801-1900)$1http://www.wikidata.org/entity/Q6955$920935
=650  \0$aQuadrille$1http://www.wikidata.org/entity/Q394084$921083
=650  \0$aMaritime transport$1http://www.wikidata.org/entity/Q155930$924925
=651  \0$aParis (France)$1http://www.wikidata.org/entity/Q90$9160
=651  \0$aNorth Sea (Europe)$1http://www.wikidata.org/entity/Q1693$925645
=942  \\$cSCO
=952  \\$00$10$2ddc$40$70$8RAR$922388$aORPH$bORPH$cKTS1_H$d2023-01-26$l0$p20132076$r2023-01-26 00:00:00$w2023-01-26$ySCO
=999  \\$d21366

