=LDR  02515nam a22001937a 4500
=001  21370
=008  230131s2021\\\\|||ag|||\m|||\00|\0\eng\d
=041  \\$aeng
=100  \\$4aut$925691$aFortuna, Sandra
=245  \\$aThe Influence on Body Movement on Musical Sense-Making in Primary School Children:$ba Multi Modal Approach in Music Education
=260  \\$aGhent$c2021
=300  \\$axxx-225 pages
=500  \\$aThesis submitted to fulfill the requirements for the degree of Doctor of Art Sciences, Ghent University, Faculty of Arts and Philosophy, Department of Art, Music and Theatre Studies
=520  \\$aAs increasingly confirmed within the paradigm of embodied music cognition, the body shapes the way listeners perceive and make sense of music. Accordingly, this Ph.D research project aims to understand the role of body movement on children’s musical sense-making through two empirical studies setup in an educational ecological setting of primary school. In both studies, the children’s graphical representations of the music and their verbal explanations of the drawings were used to probe children’s musical sense-making. The first study investigated how and in what way a verbal vs. bodily interaction with the music influences the children musical sense-making. Results offer relevant insights into the role of body movement to enhance the identification of more musical features and their temporal organization. Based on the findings of the first study, a second study was carried out to investigate the influence of different qualities (discrete vs. continuous movements) of bodily interactions with music on children’ music meaning formation. Findings of the second study show that based on the quality of movement interaction the children changed the categories of visual representations, arousal, and number of voices of the music described. At a meta- perspective level, the adoption of a multimodal approach (e.g., bodily, visual, and verbal) emerged to be an effective mean to enhance a deeper music understanding. In addition, body movement appears to be a viable way to foster a creative listening through creative navigation of the musical affordance landscape.
=650  \0$aMusic education$1http://www.wikidata.org/entity/Q27908$921766
=650  \0$aMotion$1http://www.wikidata.org/entity/Q79782$921380
=942  \\$cDIS
=952  \\$00$10$2ddc$40$6MTP_5_000000000000000_FORT$70$8MTP$922393$aORPH$bORPH$cKM12_1$d2023-01-31$l0$oMTP5 FORT$p20140131$r2023-01-31 00:00:00$w2023-01-31$yDIS
=999  \\$d21370

