=LDR  00852nam a22002057a 4500
=001  21376
=005  20250925143309.0
=008  230202s1983\\\\|||fo|||\||||\00|\0\fre\d
=041  \\$afre$heng
=100  \\$4aut$aGould, Glenn$d1932-1982$1http://www.wikidata.org/entity/Q216924$916347
=245  \\$aLe Dernier puritain:$bEcrits$n(Tome 1)
=260  \\$aParis$bFayard$c1983
=300  \\$a286 pages
=590  \\$aréunis, présentés et traduits de l'anglais par Bruno Monsaingeon
=648  \0$a20th Century (1901-2000)$1http://www.wikidata.org/entity/Q6927$920936
=650  \0$aMusic criticism$1http://www.wikidata.org/entity/Q11748889$921598
=700  \\$4trl$4win$aMonsaingeon, Bruno$917603
=942  \\$cBOO
=952  \\$00$10$2ddc$40$6TRE_GOUL$70$8TRE$922476$aORPH$bORPH$cKTS1_H$d2023-02-02$l0$oTRE GOUL$p20139188$r2023-02-02 00:00:00$w2023-02-02$yBOO
=999  \\$d21376

