=LDR  01036cam a2200253 i 4500
=001  21377
=005  20250219124555.0
=008  190826s2020\\\\enk\\\\\\b\\\\000\0\eng\d
=010  \\$a  2019948943
=020  \\$a9781789040227$qpaperback
=040  \\$aOI
=041  \\$aeng
=100  \\$aTanner, Grafton$d1990-$4aut$925711
=245  14$aThe Circle of the Snake:$bNostalgia and Utopia in the Age of Big Tech
=260  \\$aWinchester$bzer0 Books$c2020
=300  \\$ax-157 pages$c22 cm
=504  \\$aIncludes bibliographical references (pages 132-157)
=648  \0$a21st Century (2001-2100)$1http://www.wikidata.org/entity/Q6939$920812
=648  \0$aPast$1http://www.wikidata.org/entity/Q192630$922196
=648  \0$aPresent$1http://www.wikidata.org/entity/Q193168$925641
=650  \0$aCuckoo$1http://www.wikidata.org/entity/Q18845$922474
=942  \\$cBOO
=952  \\$00$10$2ddc$40$6TOP_US_7_000000000000000$70$8TOP$922482$aORPH$bORPH$cKTS0$d2022-12-05$g20.00$l1$oTOP US 7$p20132083$r2024-11-14 12:27:00$s2023-07-04$w2023-02-03$yBOO
=999  \\$d21377

