=LDR  01547njm a22002777a 4500
=001  21380
=005  20250925143309.0
=008  230210s1969\\\\||||||||\||||\00|\0\mul\d
=041  \\$aspa$aeng
=100  \\$4cmp$4prf$aKagel, Mauricio$d1931-2008$1http://www.wikidata.org/entity/Q178293$916378
=245  \\$aPhantasie 1967 / Antithese 1962 / Montage 1967 / Pandorasbox
=260  \\$aArgentina$bDiscos Siglo Veinte$c1969
=300  \\$aLP, mono 12" gatefold sleeve, separate record cover
=500  \\$aRare and valuable record
=505  \\$gA: Phantasie 1967 - Para Órgano Y Obligati -- Antithese 1962 Composición - Para Sonidos Electrónicos Y Públicos$gB: Montage 1967 - Para Diversas Fuentes Sonoras -- Pandorasbox - Pieza Para Bandoneón
=648  \0$a20th Century (1901-2000)$1http://www.wikidata.org/entity/Q6927$920936
=650  \0$aElectronic music$1http://www.wikidata.org/entity/Q9778$922014
=650  \0$aOrgan$1http://www.wikidata.org/entity/Q1444$92810
=650  \0$aBandoneon$1http://www.wikidata.org/entity/Q215032$925724
=700  \\$4win$aRomano, Jacobo$923684
=700  \\$4prf$aZacher, Gerd$eOrganist$1http://www.wikidata.org/entity/Q75679$917867
=700  \\$4prf$922401$aAllende-Blin, Juan$d-1928
=700  1\$4prf$aStiebler, Ernstalbrecht$d1934-$1http://www.wikidata.org/entity/Q2920808$925725
=942  \\$cREC
=952  \\$00$10$2ddc$40$6REC_12_000000000000000_KAGE_1969$70$8REC$922491$aORPH$bORPH$cKM12_2_B$d2023-02-08$l1$oREC 12 KAGE 1969$p20140201$q2023-08-07$r2023-02-10 00:00:00$s2023-02-10$w2023-02-10$yREC
=999  \\$d21380

