=LDR  01539njm a22002657a 4500
=001  21381
=005  20250925143309.0
=008  230210s1977\\\\||||||||\||||\00|\0\eng\d
=041  \\$aeng
=100  \\$4cmp$aKagel, Mauricio$d1931-2008$1http://www.wikidata.org/entity/Q178293$916378
=245  \\$aPandorasbox / Arcana / Dinosaurus / Promenade / Entente
=260  \\$aUnited States$bOrion$c1977
=300  \\$aLP, stereo 12"
=500  \\$aNew music For electric accordion with L.A. Contempo (Stuart Fox - guitar, Tom Collier - percussion, Lou Anne Neill - harp and Barbara Beisch - accordion)
=505  \\$gA: Entente / James Nightingale -- Arcana / Per Norgaard$gB: Dinosaurus / Arne Nordheim -- Pandorasbox / Mauricio Kagel -- Promenade / Richard Grayson
=648  \0$a20th Century (1901-2000)$1http://www.wikidata.org/entity/Q6927$920936
=650  \0$aElectronic music$1http://www.wikidata.org/entity/Q9778$922014
=650  \0$aAccordion$1http://www.wikidata.org/entity/Q79838$924778
=700  1\$4cmp$4prf$925726$aNightingale, James
=700  \\$4cmp$aNørgård, Per$d1932-$1http://www.wikidata.org/entity/Q434392$925727
=700  1\$4cmp$aNordheim, Arne$d1931-2010$1http://www.wikidata.org/entity/Q692690$925729
=700  1\$4cmp$aGrayson, Richard$d1941-2016$1http://www.wikidata.org/entity/Q3430806$925728
=942  \\$cREC
=952  \\$00$10$2ddc$40$6REC_12_000000000000000_NIGH_1977$70$8REC$922492$aORPH$bORPH$cKM12_2_B$d2023-02-06$l1$oREC 12 NIGH 1977$p20140202$q2023-08-07$r2023-02-10 00:00:00$s2023-02-10$w2023-02-10$yREC
=999  \\$d21381

