=LDR  03850cam a22002658i 4500
=001  21382
=005  20251001162314.0
=008  220427s2023\\\\ilu\\\\\\b\\\\001\0\eng\\
=020  \\$a9780226823409
=041  \\$aeng
=100  1\$aBarrett, G. Douglas$4aut$925730
=245  10$aExperimenting the Human:$bArt, Music, and the Contemporary Posthuman
=260  \\$aChicago$bUniversity of Chicago Press$c2023
=300  \\$a220 pages
=504  \\$aIncludes bibliographical references and index.
=505  0\$aIntroduction: Music in a wired brain -- The brain at work: cognitive labor, the posthuman brain, and Alvin Lucier's Music for Solo Performer -- "How we were never posthuman": techniques of the posthuman body in Pamela Z's Voci -- "The catastrophe of technology": posthuman automata and Nam June Paik's Robot K-456 -- Deep (space) listening: SETI, Moonbounce, and Pauline Oliveros's Echoes from the Moon -- Engendering the digital: digitality and the posthuman hand in Laetitia Sonami's Lady's Glove -- The last invention: recursion, recordings, and Yasunao Tone's AI Deviation -- Conclusion: Music after extinction
=520  \\$aIn Experimenting the Human, G Douglas Barrett, himself an artist of experimental music, argues that a radical prefiguration of posthumanism can be found in the discourses and practices of postwar experimental music. Experimental music draws upon practices developed through exchanges between the US, Europe, and East Asia during the postwar era (along with influences from the pre-war avant-garde), including indeterminacy, open forms, and extended uses of music technology. Although not exclusively focused on technology, experimental music has played a critical role in shaping the fields of biofeedback, AI, and robotics-paradigms central to the development of cybernetics and, later, posthumanism. Beyond the modernist project of subjecting sound parameters to the deterministic human control exemplified by serialism, experimentalism has used indeterminacy-beginning with chance and natural processes and later incorporating computer algorithms, biofeedback, and AI-in ways that mirror posthumanism's challenge to the centrality of human agency. Through a series of six intimate studies of works by Alvin Lucier, Nam June Paik, Pamela Z, and Laetitia Sonami, Barrett places posthuman thought in dialogue with works of experimental music surveyed from the 1960s to the present. In addition to studies of individual musical works, he illustrates existing exchanges between experimental music and cybernetics theorists since the 1950s, and links this dialogue to posthumanist theory beginning in the 1990s for which those very cyberneticists were a primary point of departure. Posthumanism and experimental music address fundamental questions about the relationship between humans and technology and thus have much to learn from one another. This project illuminates the insights to be gained from viewing these two movements together. Experimental music can be informed by posthumanism's sustained inquiry into the relationship between the human and technology. Conversely, posthumanism, a field focused on literature and visual culture, may benefit from music that has worked through many of its essential concerns in practice.
=650  \0$aMusic philosophy and aesthetics$1http://www.wikidata.org/entity/Q2092865$921165
=650  \0$aCuckoo$1http://www.wikidata.org/entity/Q18845$922474
=650  \0$aAvant-garde$1http://www.wikidata.org/entity/Q102932$921178
=650  \0$aTechnology$1http://www.wikidata.org/entity/Q11016$921633
=650  \0$aArtificial intelligence$1http://www.wikidata.org/entity/Q11660$92413
=942  \\$cBOO
=952  \\$00$10$2ddc$40$6SCI_BARR$70$8SCI$922493$aORPH$bORPH$cKM12_1$d2023-02-06$l1$m1$oSCI BARR$p20140203$q2024-02-02$r2023-02-10 00:00:00$s2023-02-10$w2023-02-10$yBOO
=999  \\$d21382

