=LDR  02654cam a22002894i 4500
=001  21383
=005  20251001162235.0
=008  200122r20202019be\ao\\\\k\\\\000\0beng\\
=020  \\$a9789082649550
=041  1\$afre$aeng$hfre
=100  1\$aRadigue, Éliane$4ive$1http://www.wikidata.org/entity/Q274082$925731
=245  10$aIntermediary spaces
=246  \\$aEspaces intermédiaires
=260  \\$aBrussels$bQ-02 Umland$c2020
=300  \\$a211 pages$billustrations
=500  \\$aIn the long interview that forms the body of this publication, Éliane Radigue talks about her work, her reflections and underlying research, as well as her historical context. The publication also contains a commented list of works and Radigue's programmatic text on The Mysterious Power of the Infinitesimal.
=500  \\$aÉliane Radigue (born 1932 in Paris) is considered one of the most innovative and influential contemporary composers, from her early electronic music through to her acoustic work of the last fifteen years. Influenced by musique concrète and shaped by regular sojourns in the United States, where she discovered analogue synthesisers, her work unfolds an intensity which is at once subtle and monumental. Through her deep reflections on sound and listening, not only her music but also her working methods have come to shape a widely resonating set of new parameters for working with sound as musical material.
=500  \\$aJulia Eckhardt is a musician and curator in the field of the sonic arts. She is a founding member and artistic director of Q-O2 workspace in Brussels, for which she conceptualized various thematic research projects. As a performer of composed and improvised music she has collaborated with numerous artists, and extensively with Eliane Radigue. She has performed internationally, and released a number of recordings. She has been lecturing about topics such as sound, gender and public space, and is (co-)author of The Second Sound, Conversation on Gender and Music, Grounds for Possible Music, and The Middle Matter, Sound as Interstice.
=500  \\$aIncludes catalogue of works (pages 172-197) and discography (pages 198-200).
=546  \\$aParallel English and French text.
=650  \0$aComposer$1http://www.wikidata.org/entity/Q36834$93625
=650  \0$aAesthetics$1http://www.wikidata.org/entity/Q35986$921494
=650  \0$aInterview$1http://www.wikidata.org/entity/Q178651$924895
=700  \\$aEckhardt, Julia$4ivr$4edt$915920
=942  \\$cBOO
=952  \\$00$10$2ddc$40$6BIO_RADI_B$70$8BIO$922494$aORPH$bORPH$cKTS1_P$d2023-02-09$l1$oBIO RADI b$p20140204$r2023-03-30 00:00:00$s2023-02-10$w2023-02-10$yBOO
=999  \\$d21383

