=LDR  02231cam a2200265 i 4500
=001  21387
=005  20250120120908.0
=008  171011s2018\\\\enkag\\\\b\\\\001\0\eng\\
=020  \\$a9780367593155$qpaperback
=040  \\$aOI
=041  \\$aeng
=245  00$aRecomposing the Past:$bRepresentations of Early Music on Stage and Screen
=260  \\$aAbingdon$aNew York, NY$bRoutledge$c2018
=300  \\$axii-259 pages$billustrations, music$c25 cm
=490  0\$aAshgate Screen Music Series
=504  \\$aIncludes bibliographical references (pages 248-250) and index.
=505  0\$gRepresenting Renaissance Rome : beyond anachronism in Showtime's The Borgias (2011) / James Cook -- Baroque áa la Hitchcock : the music of Dangerous Liaisons (1988) / Mervyn Cooke -- "Frame not my lute" : the musical Tudor Court on the big screen / Daniela Fountain -- It ain't over 'til King Arthur sings : English dramatick opera on the modern stage / Katherina Lindekens -- Musical divisions of the sacred and secular in The Hunchback of Notre Dame / Adam Whittaker -- Celtic music and Hollywood cinema : representation, stereotype, and affect / Simon Nugent -- David Munrow's "Turkish nightclub piece" / Edward Breen -- Little harmonic labyrinths : baroque musical style on the Nintendo Entertainment System / William Gibbons -- Presentness and the past in contemporary British opera / Alexander Kolassa -- Angels in the archive : animating the past in Written on Skin / Maria Ryan -- Werner Herzog and the filmic dark arts : myth, truth, music, and the life of Carlo Gesualdo (1566-1613) / Philip Weller -- Medievalism, music, and agency in The Wicker Man (1973) / Lisa Colton -- Music in fantasy pasts : neomedievalism and Game of Thrones / James Cook, Alexander Kolassa and Adam Whittaker.
=650  \0$aEarly music$1http://www.wikidata.org/entity/Q436016$93160
=650  \0$aFilm$1http://www.wikidata.org/entity/Q11424$921409
=700  \\$aCook, James$4edt$925771
=700  \\$aKolassa, Alexander$4edt$925772
=700  \\$aWhittaker, Adam$4edt$925773
=942  \\$cBOO
=952  \\$00$10$2ddc$40$6VIS_COOK$70$8VIS$922503$aORPH$bORPH$cKTS1_H$d2023-02-14$g47.64$l2$m5$oVIS COOK$p20132086$r2025-05-06 11:27:25$s2023-09-14$w2023-02-24$yBOO
=999  \\$d21387

