=LDR  00915ncm a22002297a 4500
=001  21391
=005  20250925143309.0
=008  230302s1986\\\\|||||l||\||||\00|\0\fre\d
=041  \\$afre
=059  \\$apf
=100  \\$4cmp$aScelsi, Giacinto$d1905-1988$1http://www.wikidata.org/entity/Q456751$917716
=245  \\$aSuite n°8 Bot-Ba:$bpour piano
=260  \\$aParis$bSalabert$c1986
=300  \\$a46 pages
=561  \\$aEx libris Hans Cafmeyer (manuscript)
=648  \0$a20th Century (1901-2000)$1http://www.wikidata.org/entity/Q6927$920936
=650  \0$aSuite$1http://www.wikidata.org/entity/Q203005$921718
=650  \0$aPiano$1http://www.wikidata.org/entity/Q5994$92127
=650  \0$aKeyboard music$1http://www.wikidata.org/entity/Q105715630$921412
=942  \\$cSCO
=952  \\$00$10$2ddc$40$6SCO_SCEL$70$8SCO$922508$aORPH$bORPH$cKTS1_P$d2023-03-02$l0$oSCO SCEL$p20140258$r2023-03-02 00:00:00$w2023-03-02$ySCO
=999  \\$d21391

