=LDR  00927ncm a22002297a 4500
=001  21397
=005  20250925143310.0
=008  230302s1989\\\\|||||l||\||||\00|\0\fre\d
=041  \\$afre
=059  \\$apf
=100  \\$4cmp$aScelsi, Giacinto$d1905-1988$1http://www.wikidata.org/entity/Q456751$917716
=245  \\$aSuite n°6 "I Capricci di Ty":$bpour piano
=260  \\$aParis$bSalabert$c1989
=300  \\$a56 pages
=561  \\$aEx libris Hans Cafmeyer (manuscript)
=648  \0$a20th Century (1901-2000)$1http://www.wikidata.org/entity/Q6927$920936
=650  \0$aSuite$1http://www.wikidata.org/entity/Q203005$921718
=650  \0$aPiano$1http://www.wikidata.org/entity/Q5994$92127
=650  \0$aKeyboard music$1http://www.wikidata.org/entity/Q105715630$921412
=942  \\$cSCO
=952  \\$00$10$2ddc$40$6SCO_SCEL$70$8SCO$922514$aORPH$bORPH$cKTS1_P$d2023-03-06$l0$oSCO SCEL$p20140261$r2023-03-06 00:00:00$w2023-03-06$ySCO
=999  \\$d21397

