=LDR  00927ncm a22002297a 4500
=001  21401
=005  20250925143310.0
=008  230302s1979\\\\|||||l||\||||\00|\0\eng\d
=041  \\$aeng
=059  \\$apf
=100  \\$4cmp$aScelsi, Giacinto$d1905-1988$1http://www.wikidata.org/entity/Q456751$917716
=245  \\$aQuattro Illustrazioni (Four Illustrations) (1953)$bFor Piano Solo
=260  \\$aNew York$bSchirmer$c1979
=300  \\$a20 pages
=490  \\$aComposer's Autogrph Series
=561  \\$aEx libris Hans Cafmeyer (manuscript)
=648  \0$a20th Century (1901-2000)$1http://www.wikidata.org/entity/Q6927$920936
=650  \0$aPiano$1http://www.wikidata.org/entity/Q5994$92127
=650  \0$aKeyboard music$1http://www.wikidata.org/entity/Q105715630$921412
=942  \\$cSCO
=952  \\$00$10$2ddc$40$6SCO_SCEL$70$8SCO$922518$aORPH$bORPH$cKTS1_P$d2023-03-06$l0$oSCO SCEL$p20140266$r2023-03-06 00:00:00$w2023-03-06$ySCO
=999  \\$d21401

