=LDR  01252adc a2200265   4500
=001  21410
=005  20250925143310.0
=008  210503s1908\\\\\\\||l|||||||\00|\0\eng\d
=041  \\$aeng
=059  \\$aorg
=100  \\$aWood, Darwin$4cmp$98734
=245  \\$aPrelude $bPart 1 & 2
=260  \\$as.l.$c1908
=300  \\$a2 parts (3+3 pages)$bpaper covers
=500  \\$aIn folder with several pieces of opera arias, vocal church and organ music in ms. (autograph?) collected by or dedicated to Alexandre Guilmant
=500  \\$aDarwin Wood was organist in Sheffield (UK) late 19th to early 20th century.
=533  \\$aDigitized by iGuana, Spring 2022
=561  \\$aPurchased from Landré, Amsterdam
=590  \\$aDedicated to Alex. Guilmant. Church of The Trinité, Paris, France.
=648  \0$a20th Century (1901-2000)$1http://www.wikidata.org/entity/Q6927$920936
=650  \0$aOrgan music$1http://www.wikidata.org/entity/Q2003283$91951
=700  \\$4dte$aGuilmant, Alexandre$d1837-1911$1http://www.wikidata.org/entity/Q350359$96197
=942  \\$cSCO
=952  \\$00$10$2ddc$40$6KTS_1_000000000000000_C2_58_MAP_011L$70$8RAR$922527$aORPH$bORPH$cKTS1_C2$d2023-03-06$eKoopman$l0$oKTS1 C2.58 Map.011l$p20136400l$r2023-03-06 00:00:00$w2023-03-06$ySCO
=999  \\$d21410

