=LDR  01648nam a22002177a 4500
=001  21411
=008  230306s2022\\\\|||ago||\||||\00|\0\eng\d
=020  \\$a9783925574993
=041  \\$aeng
=245  \\$aMusic Right from the Start:$bTheory and Practice of Early Childhood Music Education
=260  \\$aBonn$bVdm Verlag$bEuropean Music School Union$c2022
=300  \\$a83 pages
=520  \\$aIn the framework of the AEC – Strengthening Music in Society project, co-funded by Creative Europe, the Working Group on Early Childhood Music Education developed and published this handbook.

With this publication, the Working Group members want to offer some ideas from literature and their own experience as early childhood music practitioners and researchers, with the hope that it will stimulate interest in the magical world of music in the early years. The book shall help to establish music lessons with young children all over Europe. For teachers who have to earn their living with their profession, this can even open up a new facet in their professional portfolio.
=650  \0$aMusic education$1http://www.wikidata.org/entity/Q27908$921766
=700  1\$4aut$aDartsch, Michael$1http://www.wikidata.org/entity/Q1927226$925804
=700  1\$4aut$925805$aEconomidou Stavrou, Natassa
=700  \\$4aut$925806$aPiispanen, Ulla
=856  \\$uhttps://aec-music.eu/media/2022/02/WG8-Music-right-from-the-start-Theory-and-practice-of-Early-Childhood-Music-Education.pdf
=942  \\$cBOO
=952  \\$00$10$2ddc$40$6MTP_4_000000000000000_DART$70$8MTP$922528$aORPH$bORPH$cKM12_1$d2023-03-06$l0$oMTP4 DART$p20140366$r2023-03-06 00:00:00$w2023-03-06$yBOO
=999  \\$d21411

