=LDR  01113acm a2200241   4500
=001  21412
=005  20250926134859.0
=008  230306n\\\\\\\\|||||l||\||||\00|\0\fre\d
=041  \\$afre
=059  \\$a2vn vc
=100  \\$aBach, Johann Sebastian$d1685-1750$4cmp$1http://www.wikidata.org/entity/Q1339$94766
=245  \\$aSept pièces pour deux violoncelles concertants ou pour violon et violoncelle
=260  \\$aBordeaux$bDelmouly-Degorge$bRosoor$cs.d.
=300  \\$a15 pages
=500  \\$agifted to mr. Duchon-Doris, professor in the Conservatoire de Lyon
=648  \0$a18th Century (1701-1800)$1http://www.wikidata.org/entity/Q7015$920899
=650  \0$aInstrumental music$1http://www.wikidata.org/entity/Q639197$92106
=650  \0$aViolin$1http://www.wikidata.org/entity/Q8355$92783
=650  \0$aCello$1http://www.wikidata.org/entity/Q8371$92688
=700  \\$4trc$4ann$925807$aRosoor, Louis
=942  \\$cSCO
=952  \\$00$10$2ddc$40$6KTS_1_000000000000000_C2_59_MAP_015F$70$8RAR$922529$aORPH$bORPH$cKTS1_C2$d2023-03-07$eKoopman$l0$oKTS1 C2.59 Map.015f$p20140267f$r2023-03-07 00:00:00$w2023-03-07$ySCO
=999  \\$d21412

