=LDR  01691nam a22002297a 4500
=001  21416
=005  20251001162314.0
=008  230309s2022\\\\|||a||||\||||\00|\0\eng\d
=020  \\$a9789082893540
=041  \\$aeng
=100  \\$4aut$aBaalman, Marije$925820
=245  \\$aComposing Interactions:$bAn Artist's Guide to Building Expressive Interactive Systems
=260  \\$aRotterdam$bBaalman$bV2_Publishing$c2022
=300  \\$a608 pages$b256 images, 3 color print
=500  \\$aMarije Baalman applies her extensive experience as an artist and as an engineer to guide the reader through the creation process of interactive digital artworks. She elaborates on different techniques for creating meaningful interactions and presents detailed case studies of a range of artistic work from the field to illustrate the techniques in practice.
=520  \\$aInteractive technologies have become a part of many different artistic practices. Nowadays artists make use of sensors, electronic circuits, computation, and algorithms to create engaging aesthetic experiences.

Composing Interactions brings together aesthetic considerations, practical guidelines for project development, and an overview of sensors, circuits, and processing algorithms.
=650  \0$aComposing$1http://www.wikidata.org/entity/Q92186587$93076
=650  \0$aMusic philosophy and aesthetics$1http://www.wikidata.org/entity/Q2092865$921165
=650  \0$aTechnology$1http://www.wikidata.org/entity/Q11016$921633
=942  \\$cBOO
=952  \\$00$10$2ddc$40$6MTP_2_000000000000000_BAAL$70$8MTP$922537$aORPH$bORPH$cKM12_1$d2023-02-10$g45.00$l1$oMTP2 BAAL$p20140273$q2023-09-03$r2023-03-09 00:00:00$s2023-03-09$w2023-03-09$yBOO
=999  \\$d21416

