=LDR  01573nas a22002297a 4500
=001  21417
=005  20251001162235.0
=008  230309s2021\\\\|||q||||\||||\00|\0deng\d
=041  \\$aeng
=100  1\$4edt$aWooley, Nate$d1974-$1http://www.wikidata.org/entity/Q1253209$925821
=245  \\$aSound American:$bThe Occam Ocean Issue$nNo. 26
=260  \\$aNew York$bAnthology of Recorded Music$c2021
=300  \\$a128 pages
=520  \\$aDedicated to Éliane Radigue’s radical musical ecosystem, OCCAM Ocean, and includes exclusive interviews with Radigue's collaborators and interpreters, including: Charles Curtis, Carol Robinson, Rhodri Davies, Catherine Lamb, Julia Eckhardt, Silvia Tarozzi, Dafne Vicente-Sandoval, Laetitia Sonami, and Frédéric Blondy. inti figgis-vizueta contributes a composition to the ongoing Exquisite Corpse series.⁣⁣ The issue also includes an exclusive poster designed by Remake Design that documents and graphically interprets Radigue's compositional system, connections, and collaborators.⁣⁣
=600  10$aRadigue, Éliane$1http://www.wikidata.org/entity/Q274082$925731
=650  \0$aComposing$1http://www.wikidata.org/entity/Q92186587$93076
=650  \0$aAesthetics$1http://www.wikidata.org/entity/Q35986$921494
=650  \0$aChamber music$1http://www.wikidata.org/entity/Q189201$92105
=856  \\$uhttps://soundamerican.org/issues/occam-ocean
=942  \\$cBOO
=952  \\$00$10$2ddc$40$6PER_SA2$70$8PER$922538$aORPH$bORPH$cKM12_1$d2023-03-02$l1$oPER SA2$p20140282$q2023-09-03$r2023-03-09 00:00:00$s2023-03-09$w2023-03-09$yBOO
=999  \\$d21417

