=LDR  02413nam a22003737a 4500
=001  21420
=008  230309s2002\\\\|||o||||\||||\00|\0\eng\d
=020  \\$a9071638286
=041  \\$aeng
=245  \\$aHet Apollohuis 1995-2001
=260  \\$aEindhoven$bHet Apollohuis$c2002
=300  \\$a104 pages
=520  \\$aHet Apollohuis (English: The Apollo House) was a space for experimental music and visual arts, "focused in particular on...sound art, new music, performance art and the new media," founded in Eindhoven, Netherlands, by Remko Scha and Paul Panhuysen in a former 19th century cigar factory in 1980. Partly funded by their own publishing house, the space was closed in 2001 after their grant was discontinued.

"Between 1980 and 2001, Het Apollohuis organized 253 art exhibitions, 476 concerts and performances, 46 public lectures, symposia and several festivals (as "ECHO: images of sound II" in 1987 [2] or FLEA Festival in 1997). Artists-in-residence, asked to create an exhibition, an installation or a publication, where provided with an apartment, studio space, and materials. Known artists that had events at the Apollohuis were for instance Ellen Fullman, Glenn Branca, Michel Waisvisz, Pauline Oliveros, Pierre Bastien, The Hub (band), Nicolas Collins, Maciunas Ensemble.
=610  20$aHet Apollohuis$1http://www.wikidata.org/entity/Q1972506$925824
=650  \0$aExhibition$1http://www.wikidata.org/entity/Q464980$925353
=650  \0$aPerformance art$1http://www.wikidata.org/entity/Q213156$922164
=650  \0$aConcert$1http://www.wikidata.org/entity/Q182832$921044
=650  \0$aCuckoo$1http://www.wikidata.org/entity/Q18845$922474
=700  \\$4aut$aPanhuysen, Paul$919101
=700  \\$4aut$aZijlmans, Kitty$917587
=700  \\$4aut$925826$aCoenen, André
=700  \\$4aut$925830$aManders, Chris
=700  1\$4aut$925831$aSachsse, Rolf
=700  1\$4aut$aYocarini, Titus$925832
=700  \\$4aut$915706$aJohnson, Tom
=700  1\$4aut$aBull, Hank$925833
=700  \\$4aut$925834$aBrand, Jens
=700  \\$4aut$925835$aAdriaans, René
=700  \\$4edt$4aut$925829$aPeer, René van
=700  \\$4aut$925825$aVoort, Mark van de
=700  \\$4aut$925827$aStienstra, Marja
=942  \\$cBOO
=952  \\$00$10$2ddc$40$6TOP_NL_EIN_7_000000000000000$70$8TOP$922541$aORPH$bORPH$cKTS0$d2023-03-02$l1$oTOP NL.EIN 7$p20140276$r2024-12-16 14:08:18$s2023-03-09$w2023-03-09$yBOO
=999  \\$d21420

