=LDR  03342njm a22002657a 4500
=001  21421
=008  230309s2002\\\\|||o||||\||||\00|\0\eng\d
=024  \\$aACD 090217
=024  \\$aACD 090218
=041  \\$aeng
=245  \\$aApollo and Marsyas:$bAn Anthology Of New Music Concepts
=246  \1$aHet Apollohuis 1980-1997
=260  \\$aEindhoven$bHet Apollohuis$c2002
=300  \\$a2 CDs
=505  \\$gCD 1: Derek Bailey (guitar), Ernst Reijseger (cello) -- Tom Johnson (voice, bells) -- David Gibson (cello) -- Tibor Szemzö -- Rolf Julius (buzzers) -- Ned Rothenberg (alto saxophone) -- Elliott Sharp (guitar) -- Vivenza (servomechanims)-- Pauline Oliveros (accordion) -- Arnold Dreyblatt / Orchestra of Excited Strings -- Carl Stone (computer) -- Carlos Santos (piano, voice) -- Joe Jones (solar automata) -- Takehisa Kosugi (violin, voice, electronics) -- Terry Fox (long strings) -- Walter Fähndrich (viola) -- Fast Forward (metal percussion)$gCD 2: Alvin Lucier (electronics) -- Alvin Curran (piano, voice, synthesizer) -- Richard Lerman (electronics) -- Jerry Hunt (acoustic instruments, electronics) -- Shelley Hirsch (voice), David Weinstein (keyboard, electronics) -- Eliane Radigue (electronics) -- The Hub (computers) -- Teodoro Anzelotti (accordion) -- Pierre Berthet, Brigida Romano (percussion instruments) -- Warren Burt (interactive computer system) -- S.E.M. ensemble (drums) -- Jim O'Rourke (electric guitar) -- Borbetomagus (saxophones + guitar) -- John Butcher (saxophone), Phil Minton (voice) Erhart Hirt (guitar) -- Iva Bittova (violin, voice) -- Stevan Kovacs Tickmayer (piano) -- Rafael Toral (electric guitar, electronics) -- David First (keyboard) -- Reinier Van Houdt (piano) -- Kaffe Matthews (computer, violin) -- Matt Rogalsky (electronics)
=520  \\$aHet Apollohuis (English: The Apollo House) was a space for experimental music and visual arts, "focused in particular on...sound art, new music, performance art and the new media," founded in Eindhoven, Netherlands, by Remko Scha and Paul Panhuysen in a former 19th century cigar factory in 1980. Partly funded by their own publishing house, the space was closed in 2001 after their grant was discontinued.

"Between 1980 and 2001, Het Apollohuis organized 253 art exhibitions, 476 concerts and performances, 46 public lectures, symposia and several festivals (as "ECHO: images of sound II" in 1987 [2] or FLEA Festival in 1997). Artists-in-residence, asked to create an exhibition, an installation or a publication, where provided with an apartment, studio space, and materials. Known artists that had events at the Apollohuis were for instance Ellen Fullman, Glenn Branca, Michel Waisvisz, Pauline Oliveros, Pierre Bastien, The Hub (band), Nicolas Collins, Maciunas Ensemble.
=610  20$aHet Apollohuis$1http://www.wikidata.org/entity/Q1972506$925824
=650  \0$aElectronic music$1http://www.wikidata.org/entity/Q9778$922014
=650  \0$aConcert$1http://www.wikidata.org/entity/Q182832$921044
=700  \\$4edt$aPanhuysen, Paul$919101
=700  \\$4drt$925835$aAdriaans, René
=700  \\$4aut$925829$aPeer, René van
=942  \\$cBOO
=952  \\$00$10$2ddc$40$6REC_CD_MISC_2002_000000000000000$70$8REC$922542$aORPH$bORPH$cKM12_2_B$d2023-03-02$l1$oREC CD MISC 2002$p20140277$q2023-09-03$r2023-03-09 00:00:00$s2023-03-09$w2023-03-09$yBOO
=999  \\$d21421

