=LDR  01124ncm a22001937a 4500
=001  21422
=008  230309r20051963|||||l||\||||\00|\0\eng\d
=041  \\$aeng
=059  \\$afl ob cl bn hn va vc hpd
=100  1\$4cmp$aDavies, Peter Maxwell$d1934-2016$1http://www.wikidata.org/entity/Q139223$925836
=245  \\$aRicercar and Doubles on "To many a Well"$bfor instrumental ensemble
=260  \\$aLondon$bSchott$c2005
=300  \\$a22 pages
=500  \\$aThis 12-minute chamber piece for flute, oboe, clarinet, bassoon, horn, viola, cello, and harpsichord, was premiered at the Dartmouth Festival in 1959. Ricercar and Doubles is one of Sir Peter Maxwell Davies' earliest chamber works, crystalline and contained it inhabits both the 17th and 20th centuries in Max's inimitable style.
=650  \0$aRicercar$1http://www.wikidata.org/entity/Q746743$922011
=650  \0$aInstrumental music$1http://www.wikidata.org/entity/Q639197$92106
=942  \\$cSCO
=952  \\$00$10$2ddc$40$6SCO_DAVI$70$8SCO$922544$aORPH$bORPH$cKTS1_P$d2023-03-10$g21.00$l1$oSCO DAVI$p20140279$q2023-09-03$r2023-03-09 00:00:00$s2023-03-09$w2023-03-09$ySCO
=999  \\$d21422

