=LDR  00904ncm a22002177a 4500
=001  21423
=008  230309s1959\\\\|||||l||\||||\00|\0\eng\d
=020  \\$a9790220104336
=041  \\$aeng
=059  \\$asop alt fl hn tpt hp vn va vc db
=100  \\$4cmp$aGoehr, Alexander$d-1932$1http://www.wikidata.org/entity/Q215847$923330
=245  \\$aThe Deluge:$bCantata after Leonardo da Vinci
=260  \\$aLondon$bSchott$c1959
=300  \\$a42 pages
=500  \\$aDedicated to Howard Hartog
=590  \\$afor Soprano, Contralto and Instrumental Ensemble Op. 7
=600  \0$aVinci, Leonardo$d1690-1730$1http://www.wikidata.org/entity/Q29577$96144
=650  \0$aCantata$1http://www.wikidata.org/entity/Q174873$921603
=942  \\$cSCO
=952  \\$00$10$2ddc$40$6SCO_GOEH$70$8SCO$922545$aORPH$bORPH$cKTS1_P$d2023-03-10$g21.00$l1$oSCO GOEH$p20140280$q2023-09-03$r2023-03-09 00:00:00$s2023-03-09$w2023-03-09$ySCO
=999  \\$d21423

