=LDR  01317nam a22002537a 4500
=001  21424
=005  20250925143310.0
=008  230309s2000\\\\|||o||||\||||\00|\0\ger\d
=020  \\$a3890645100
=041  \\$ager
=100  1\$4aut$925837$aKlitsch, Hans-Jürgen
=245  \\$aShakin' All Over:$bDie Beatmusik in der Bundesrepublik Deutschland 1963-1967
=260  \\$aGermany$bHigh Castle$c2000
=300  \\$a471 pages
=520  \\$aHans-Jürgen Klitsch 'Shakin' All Over' is not only a socio-cultural history of the sixties, but also the family album of a generation out of control. The book that put the Bundesrepublik Deutschland on the international map as a beat nation.
=648  \0$a20th Century (1901-2000)$1http://www.wikidata.org/entity/Q6927$920936
=650  \0$aMusic history$1http://www.wikidata.org/entity/Q846047$921373
=650  \0$aCultural history$1http://www.wikidata.org/entity/Q858517$922395
=650  \0$aSociology$1http://www.wikidata.org/entity/Q21201$924938
=650  \0$aPopular music$1http://www.wikidata.org/entity/Q373342$922015
=651  \0$aGermany$1http://www.wikidata.org/entity/Q183$9155
=942  \\$cBOO
=952  \\$00$10$2ddc$40$6TOP_DE_7_000000000000000$70$8TOP$922546$aORPH$bORPH$cKTS0$d2023-03-10$l1$oTOP DE 7$p20140281$r2024-01-24 00:00:00$s2023-03-09$w2023-03-09$yBOO
=999  \\$d21424

