=LDR  03530nam a22002537a 4500
=001  21425
=008  230309s2022\\\\|||a||||\||||\00|\0\eng\d
=020  \\$a9781032200392
=041  \\$aeng
=100  \\$4edt$aDelaere, Mark$d1958-$916651
=245  \\$aNoise as a Constructive Element in Music:$bTheoretical and Music-Analytical Perspectives
=260  \\$aOxon$bRoutledge$c2022
=300  \\$axiv-216 pages
=490  \\$aMusical Cultures of the Twentieth Century$v9
=505  \\$gIntroduction: The Blessings of Noise Music / Mark Delaere

=505  \\$gPART I: The Joys of Noise: Historical, Theoretical, Aesthetic and Cultural Perspectives: 1. Noise Annoys, Noise is the Future: Noise in Communication and Cybernetic Theories and Popular Music Practices / Michael N. Goddard -- 2. Save Our Noise: When Sound Out of Place Deserves Our Protection / Karin Bijsterveld -- 3. Tracing Earlines in Ethnomusicology / Barbara Titus -- 4. Noise, Not Music / Paul Hegarty -- 5. Between Morphological Research and Social Criticism: Notes on the Aesthetics of Noise in Avant-Garde Music / Makis Solomos
=505  \\$gPART II: Music-Analytical Case Studies: 6. Analysing Non-Score Based Music / Simon Emmerson -- 7. Noise in Spectral Music / Ingrid Pustijanac -- 8. Is There Noise in Helmut Lachenmann’s Music? Temporal Form and Moments of Presence in the String Quartet Gran Torso / Christian Utz -- 9. The Mic as a Scalpel – Skinning the Voice in Henri Chopin’s Sound Poetry / Jannis van de Sande -- 10. Noise as Ground in Improvised Music: The Case of Chris Corsano / Diederik Mark de Ceuster -- 11. Stretching Musicality to the Extreme: Vertical Composition in Merzbow’s Noise Music / Marina Sudo
=520  \\$aMusic and noise seem to be mutually exclusive. Music is generally considered as an ordered arrangement of sounds pleasing to the ear and noise as its opposite: chaotic, ugly, aggressive, sometimes even deafening. When presented in a musical context, noise can thus act as a tool to express resistance to predominant cultural values, to society or to socioeconomic structures (including those of the music industry). The oppositional stance confirms current notions of noise as something which is destructive, a belief not only cherished by hard-core rock bands but also shared by engineers and companies developing devices to suppress or reduce noise in our daily environment.

In contrast to the common opinions on noise just described, this volume seeks to explore the constructive potential of noise in contemporary musical practices. Rather than viewing noise as a ‘defect’, this volume aims at studying its aesthetic and cultural potential.

Within the noise music study field, most recent publications focus on subgenres such as psychedelic post-rock, industrial, hard-core punk, trash or rave, as they developed from rock and popular music. This book includes work on avant-garde music developed in the domain of classical music as well. In addition to already well-established (social) historical and aesthetical perspectives on noise and noise music, this volume offers contributions by music analysts.
=650  \0$aNoise$1http://www.wikidata.org/entity/Q179448$924644
=650  \0$aMusic theory$1http://www.wikidata.org/entity/Q193544$92662
=650  \0$aMusical analysis$1http://www.wikidata.org/entity/Q1544924$92775
=942  \\$cBOO
=952  \\$00$10$2ddc$40$6MTP_2_000000000000000_DELA$70$8MTP$922547$aORPH$bORPH$cKM12_1$d2023-02-28$l0$oMTP2 DELA$p20140283$r2023-03-09 00:00:00$w2023-03-09$yBOO
=999  \\$d21425

