=LDR  01491nam a22002657a 4500
=001  21446
=008  230323s1908\\\\||||||||\||||\00|\0\ger\d
=041  \\$ager
=100  \\$925917$aKilling, Joseph
=245  \\$aKirchenmusikalische Schätze der Bibliothek des Abbate Fortunato Santini$bEin Beitrag zur Geschichte der katholischen Kirchenmusik$nVol.1$pDas sechzehnte Jahrhundert
=260  \\$aMünster$bAschendorff$c1908
=300  \\$a72 pages$bunbound
=500  \\$aThis is one of the first publications on the Santini collection in Münster.
=561  \\$aEx libris Rudolf Haupt (stamp)
=563  \\$apaper in poor condition, falling apart
=590  \\$aInaugural-Dissertation zur Erlangung der Dokterwürde genehmigt von der Philosophischen Fakultät der Friedrich-Wilhelms-Universität zu Berlin
=600  \0$aSantini, Fortunato$d1778-1861$1http://www.wikidata.org/entity/Q1439095$915126
=648  \0$a16th Century (1501-1600)$1http://www.wikidata.org/entity/Q7017$920944
=650  \0$aLibrary$1http://www.wikidata.org/entity/Q7075$94229
=650  \0$aCollecting$1http://www.wikidata.org/entity/Q208165$92117
=651  \0$aRome (Italy)$1http://www.wikidata.org/entity/Q220$949
=651  \0$aMünster (Germany)$1http://www.wikidata.org/entity/Q2742$925918
=942  \\$cBOO
=952  \\$00$10$2ddc$40$6KTS_1_000000000000000_C2_60_MAP_025M$70$8RAR$922577$aORPH$bORPH$cKTS1_C2$d2023-03-23$eKoopman$iMap.025m$l0$oKTS1 C2.60 Map.025m$p20140295m$r2023-03-23 00:00:00$w2023-03-23$yBOO
=999  \\$d21446

