=LDR  01312nam a22002537a 4500
=001  21447
=008  230323b\\\\\\\\|||g||||\||||\00|\0\ger\d
=041  \\$ager
=100  \\$4aut$aFriderici, Daniel$d1584-1638$1http://www.wikidata.org/entity/Q322254$922593
=245  \\$aDie Musica figuralis des Magister Daniel Friderici$bEine Singefibel des 17. Jahrhunders als musikgeschichtlicher Beitrag
=260  \\$aLeipzig$bs.n.$cs.d.
=300  \\$a30 pages$bcontains musical examples
=500  \\$aA modern reprint of the 17th century book, with an attempt to copy the old lay-out.
=534  \\$cRostock, Wilden, 1649.
=561  \\$aEx libris Wilhem Krumbach (stamp and signature)
=648  \0$a17th Century (1601-1700)$1http://www.wikidata.org/entity/Q7016$920923
=650  \0$aMusic theory$1http://www.wikidata.org/entity/Q193544$92662
=650  \0$aMusic education$1http://www.wikidata.org/entity/Q27908$921766
=650  \0$aSinging$1http://www.wikidata.org/entity/Q27939$92767
=651  \0$aGermany$1http://www.wikidata.org/entity/Q183$9155
=700  \\$4edt$925919$aLangelütje, Ernst
=942  \\$cBOO
=952  \\$00$10$2ddc$40$6KTS_1_000000000000000_C2_60_MAP_025N$70$8RAR$922578$aORPH$bORPH$cKTS1_C2$d2023-03-23$eKoopman$iMap.025n$l0$oKTS1 C2.60 Map.025n$p20140295n$r2023-03-23 00:00:00$w2023-03-23$yBOO
=999  \\$d21447

