=LDR  02036ncm a22003017a 4500
=001  21449
=008  230323b\\\\\\\\|||||le|\||||\00|\0\fre\d
=041  \\$afre
=059  \\$ahp vn
=100  1\$4cmp$925920$aBurckhoffer, J. G.
=245  \\$aLes Soirées de Chessy, ou Trois Sonates pour la Harpe$bOp.14
=260  \\$aParis$bs.n.$cs.d.
=300  \\$a2 vols. (18+6 pages)$bseparate harp and violin parts, in matching decorative paper covers
=500  \\$aThe harp part contains a catalogue of all (then) published works by J.G. Burckhoffer (18 opus numbers).
=500  \\$aEngraved with the music are several instructions for performance, for instance (p.5): "Nota. Il faut faire un repos sur chaque accord et faire le silence sur le dernier plus long que sur les precedents".
=500  \\$aA manuscript addition on the titlepage about where this music is to be obtained. After the printed 'Chez l'auteur' is written: "rue royale place de Louis 15. maison de M. Cucotte"
=500  \\$aMap.030 contains 3 items of harp music from the collection of Julie De Rosen.
=561  \\$aEx libris Julie De Rosen (ms on cover vignet and on back of tp)
=590  \\$aSuivies d'un Menuet et d'une Chaconne Avec ou sans accompagnement de violon. Dédiées a Mademoiselle de Walckiers. Composées par J.G. Burckhoffer, Oeuvre XIV. Gravé par P.L. Charpentier
=648  \0$a18th Century (1701-1800)$1http://www.wikidata.org/entity/Q7015$920899
=650  \0$aHarp$1http://www.wikidata.org/entity/Q47369$93542
=650  \0$aInstrumental music$1http://www.wikidata.org/entity/Q639197$92106
=650  \0$aChamber music$1http://www.wikidata.org/entity/Q189201$92105
=651  \0$aFrance$1http://www.wikidata.org/entity/Q142$9131
=856  \\$uhttps://gallica.bnf.fr/view3if/ga/ark:/12148/bpt6k3145286$3IIIF (vn part only)
=942  \\$cSCO
=952  \\$00$10$2ddc$40$6KTS_1_000000000000000_C2_60_MAP_030A$70$8RAR$922580$aORPH$bORPH$cKTS1_C2$d2023-03-23$eKoopman$iMap.030$l0$oKTS1 C2.60 Map.030a$p20140302a$r2023-03-23 00:00:00$w2023-03-23$ySCO
=999  \\$d21449

